3216 5152
280 371 424 432 mum

281 544 377 586 nomeu
394 544 426 582 sc
442 526 597 599 dignitstm
612 527 752 598 ιιισοςινίί.
780 525 864 591 Quem
880 525 915 580 sd
931 541 1038 580 sensum
1058 525 1205 580 reuoesuds
1218 529 1282 579 sunt
1296 523 1450 580 Tertulliani

281 616 373 680 verbs,
388 619 418 668 ut
429 613 492 684 quia
503 613 605 684 δύναμιν
618 629 646 666 se
658 629 716 668 csse
728 613 844 678 dicebat,
862 612 912 666 etsi
926 629 981 666 non
992 611 1116 678 emdem,
1132 627 1212 682 quam
1223 610 1330 676 Simon,
1346 627 1408 683 prae
1419 629 1449 666 se

280 701 372 765 lerrct,
383 699 454 754 idem
465 698 497 753 ds
508 716 537 752 se
548 699 684 770 protenus
694 697 779 752 fuisse
789 698 899 752 dicetur.

350 784 392 847 Εἰς
409 785 438 838 ιδ
455 783 548 838 ἑαυτῶν
565 784 719 855 μυστήριον]
753 783 888 838 Privatum
907 781 1040 853 quoddam
1058 782 1183 854 baptismi
1204 798 1289 853 genus
1307 781 1449 838 Menander

281 871 385 938 hebnit3
401 888 453 942 quo
465 871 511 942 qui
521 870 616 924 initisti
628 875 718 922 essent
727 869 886 923 immortales
903 869 958 924 lore
970 867 1019 922 hac
1030 869 1058 922 in
1075 869 1129 924 vim
1138 873 1312 940 persuaserat.
1335 867 1450 924 Iustinus

281 958 357 1031 Apol.
368 975 410 1024 ιι,
421 959 556 1022 Incussus,
566 955 704 1009 Eusebius.

250 1088 257 1102 .
349 1043 381 1099 N.
394 1059 422 1098 rs.
446 1041 674 1113 Στραρέϊσααῧτη,
695 1036 796 1092 satist
813 1041 855 1107 τῆς
868 1039 977 1110 κέρκου]
1007 1037 1051 1094 sie
1064 1040 1134 1111 apud
1145 1039 1313 1110 Sparianum
1329 1038 1451 1094 indutu·

282 1129 410 1184 sinopis:
424 1128 503 1184 Visos
513 1137 551 1182 est
559 1131 588 1180 ιἰι
597 1126 704 1180 Arabia
714 1125 817 1180 istesso
828 1129 920 1196 ουρυίε
930 1129 1014 1180 maior
1021 1127 1110 1191 soline,
1121 1130 1165 1196 μοι’
1174 1143 1201 1180 se
1213 1147 1231 1180 α
1243 1127 1330 1180 cunda
1341 1127 1450 1180 ιιιειέίυι

284 1217 399 1270 comedit.

519 1330 565 1387 AD
582 1330 752 1387 HAERESIN
768 1329 868 1388 XXIII.
884 1329 1217 1386 SATURNIHANORUM.

351 1453 477 1509 tutorem
497 1451 612 1508 hssresis
631 1453 708 1510 istius
727 1451 893 1505 Saturninum
913 1451 1036 1507 Ireueeus
1057 1452 1184 1524 appellet,
1202 1455 1234 1506 ut
1253 1457 1280 1504 et
1298 1450 1453 1506 philastrius

284 1545 364 1611 utque
375 1539 538 1614 Augustinus
547 1559 554 1605 ς
563 1537 681 1592 lustinus
692 1553 753 1594 sero
765 1537 876 1609 Dislogo
890 1553 950 1592 cum
961 1536 1109 1609 Tryphone,
1121 1544 1148 1591 et
1158 1535 1349 1605 Theodoretus,
1360 1537 1454 1592 Sutor·

284 1629 370 1679 αι’ίυαι.

351 1710 384 1767 N.
397 1728 415 1765 1.
444 1709 625 1781 Παραιτυψιίοης
642 1709 742 1780 φωνῆς]
779 1707 847 1766 Iron
867 1711 956 1762 lucida
975 1711 1087 1778 imcqine
1107 1717 1263 1783 apparenter
1286 1707 1362 1780 quasi
1382 1711 1456 1764 esset

286 1800 402 1868 φωτεινῆς
413 1794 513 1858 εἰκόνος.

353 1881 417 1935 Ὗπδ
435 1881 499 1948 θῆξιυ
517 1878 671 1950 ἀναπτῆναι]
701 1879 787 1934 Utitur
806 1878 856 1934 hac
871 1878 995 1950 loquendi
1007 1879 1106 1933 rstione
1127 1877 1265 1950 aliquoties
1282 1878 1453 1950 Epiphsniue.

285 1968 338 2022 Sed
349 1973 467 2039 corrupte
482 1981 672 2038 nonuunquam
688 1965 745 2029 θίξιν
761 1983 809 2037 pro
827 1964 891 2034 θῆξιν
907 1964 1004 2020 hebent
1021 1964 1189 2037 exemplaria.
1220 1964 1268 2019 Est
1283 1969 1373 2019 autem
1388 1965 1455 2032 δῆξις

284 2051 396 2124 Ηειγοίι.
409 2052 488 2124 ῥοπὴ,
499 2051 602 2124 στιγμὴ,
614 2051 700 2124 τάχος.

352 2139 498 2210 Ποιήσωμεν
510 2134 658 2210 ἄνθρωπον]
676 2137 764 2192 Minus
774 2137 856 2208 igitur¹
866 2139 985 2192 accurate
995 2134 1173 2192 Theodorum
1188 2141 1341 2207 usurpatum
1356 2135 1390 2190 ab
1401 2135 1455 2190 illis

284 2226 312 2279 iu
323 2224 372 2279 huc
384 2225 514 2279 sententis
525 2241 616 2280 vocem
626 2223 745 2294 ἡμετέραν
756 2223 853 2278 scribit.

354 2309 390 2362 Τὸ
402 2309 429 2363 δὲ
441 2309 549 2362 κάτωθεν
561 2309 602 2362 καί
614 2307 697 2376 αὐτὰ]
713 2308 790 2364 Forte
801 2308 842 2363 stul
854 2307 928 2362 αὐτον
941 2307 968 2360 δὲ
979 2305 1022 2360 τὀυ
1034 2307 1140 2378 Σωτῆρα
1151 2305 1250 2378 φάσκει,
1263 2311 1312 2361 etc.

352 2395 384 2450 N.
397 2414 425 2450 ιι.
442 2394 537 2448 Φάσιει
546 2391 593 2465 γδρ
607 2387 698 2465 οὗτος]
716 2393 807 2464 Neque
817 2393 860 2448 hic
871 2393 936 2448 mihi
947 2395 1020 2448 locus
1031 2395 1132 2464 integer
1142 2392 1252 2448 ridetur.
1269 2393 1391 2464 Suppleri
1401 2393 1454 2447 ior·

284 2485 356 2534 tesso
371 2485 459 2552 potest
475 2497 509 2533 ex
525 2480 694 2534 Theodoretc.
729 2474 809 2541 Οὗτος
832 2483 868 2550 τῷ
886 2477 1021 2549 Μενάνδρῳ
1039 2478 1217 2548 παραπλησίως
1233 2478 1275 2531 ἕνα
1291 2474 1378 2548 ἔφησεν
1395 2473 1455 2532 εἶναι

285 2565 379 2636 πατέρα
391 2562 543 2618 παντάπασιν
556 2561 694 2635 ἄγνωστον·
712 2569 801 2617 τοῦτον
813 2563 840 2617 δὲ
856 2563 913 2626 τοὺς
930 2562 1051 2634 ἀγγέλους
1064 2565 1246 2634 διμιουργῆται,
1263 2563 1305 2616 καὶ
1321 2563 1363 2625 τὰς
1375 2558 1455 2624 ἄλλας

286 2649 405 2720 δυνάμεις.
428 2649 502 2714 Quod
514 2655 602 2704 summ
616 2651 685 2722 apud
697 2649 825 2722 lipiphsn.
844 2649 980 2704 subiicitur
998 2647 1047 2700 ιἰπδ
1060 2652 1101 2716 τῆς
1114 2648 1191 2702 αὐτοῦ
1203 2647 1342 2721 δυνάμεως,
1356 2649 1456 2702 indicst

286 2736 377 2790 deesse
389 2751 486 2789 nomen
497 2736 615 2806 aliquod,
632 2740 750 2806 potsunt
763 2732 814 2788 ἄνω
826 2733 932 2805 πατρὶς,
950 2734 983 2788 sd
995 2735 1064 2804 qnod
1074 2751 1219 2806 pronomen
1230 2733 1306 2788 αὐτοῦ
1318 2735 1455 2806 pertineat.

352 2819 384 2876 N.
397 2838 437 2876 111.
456 2819 564 2882 Τούτους
576 2819 590 2874 δ
603 2820 637 2892 μὴ
650 2821 715 2892 θέμις
727 2819 810 2889 ἐστίν]
832 2820 913 2876 Deest
924 2819 1069 2891 μέλλοντας.

351 2906 383 2960 N.
396 2925 431 2962 ιν.
449 2906 507 2979 Περί
519 2905 546 2958 δὲ
557 2908 606 2958 τῶν
619 2906 735 2968 cordedie
747 2907 822 2975 θεολ]
840 2907 898 2961 For.
911 2909 953 2974 τῆς
966 2907 1029 2961 θεοῦ.

353 2993 411 3053 Τοῖς
424 2991 477 3062 περὶ
486 2992 528 3044 τὀν
539 2991 693 3060 Ναθαναὴλ]
711 2993 749 3046 De
761 2993 841 3046 alten
853 2993 898 3046 illc
911 2989 1040 3063 cleophae
1056 2991 1126 3047 socio
1145 2991 1190 3046 alii
1207 2991 1281 3046 aliter
1293 2991 1456 3048 existimant.

284 3077 402 3148 Plerique
414 3077 512 3131 Lucem
525 3095 581 3132 esec
594 3078 719 3148 suspicsti
730 3085 799 3132 sunt.
808 3077 1142 3132 Ambrosinsdmmaoncm
1152 3077 1222 3132 hunc
1233 3083 1319 3132 vocet.
1349 3079 1457 3134 Videtur

285 3169 350 3216 enim
361 3164 409 3233 (sit
420 3163 453 3216 ad
468 3163 553 3216 Lucse
566 3180 587 3218 c.
600 3163 675 3234 xxiv)
691 3182 718 3216 ss
730 3168 786 3216 istis
797 3181 837 3216 ιιι
854 3165 1035 3218 demonstrasse
1040 3184 1049 3226 ,·
1070 3167 1137 3216 sicut
1152 3182 1179 3216 ss
1198 3165 1337 3217 Ammaous·
1348 3175 1373 3216 et
1384 3165 1456 3218 Cleo-

283 3244 353 3319 pice
363 3267 473 3302 secretos
484 3253 537 3302 tom
549 3267 652 3319 vespere
664 3251 890 3302 demonstraverat.
925 3248 976 3302 Sed
988 3249 1079 3302 deesse
1091 3247 1160 3320 apud
1170 3249 1338 3303 Ambrosium
1355 3249 1456 3320 aliquid

285 3335 410 3404 suspicor.
433 3333 501 3388 Nem
517 3334 619 3388 uidetur
636 3334 773 3388 Ammaous·
787 3335 840 3388 loci
856 3333 1013 3387 vccabulum
1030 3351 1100 3398 esse,
1121 3335 1171 3388 levi
1187 3333 1386 3407 depravatione,
1405 3353 1454 3407 pro

285 3419 444 3474 Emmaunti.
467 3419 546 3474 Porro
558 3421 665 3474 alterius
678 3419 798 3491 discipuli
808 3435 904 3473 nomen
917 3419 1137 3474 substituendum.

352 3503 384 3559 N.
396 3522 420 3558 v.
439 3503 483 3566 Ὧς
495 3502 566 3566 ἀσπίς
578 3506 636 3575 παρ’
648 3503 763 3576 ἐχίδνης]
789 3505 820 3559 Iu
832 3503 1003 3558 collectaneis
1014 3504 1135 3559 Prouub.
1147 3504 1278 3577 Στρωμιιτ.
1293 3505 1323 3562 Ρ.
1339 3505 1453 3561 Schotti:

489 3588 532 3651 Ὧς
544 3588 615 3651 ιἰστείς
628 3589 677 3661 παῤ
690 3589 786 3662 ἐχίδνης
798 3590 841 3642 τὀν
854 3587 891 3642 los
904 3590 1043 3652 δανείζεται.

352 3675 459 3728 Tertull.
474 3675 520 3729 lib.
537 3693 574 3730 ιιι.
592 3691 614 3728 c.
630 3677 754 3730 Marcion.
772 3691 829 3746 cup.
846 3693 903 3729 vin.
935 3677 1047 3730 Desinat
1065 3677 1292 3731 conclamemus
1308 3699 1326 3732 u
1339 3679 1454 3744 duduco,-

286 3761 379 3833 Asps's‚
391 3764 459 3831 quod
469 3764 554 3826 aiunt,
567 3781 584 3814 α
596 3765 686 3832 vipera
698 3765 812 3814 mutuari
822 3779 949 3818 cenenum.

431 3931 477 3985 AD
494 3931 669 3986 mensur
684 3931 793 3998 XXIV.
810 3929 899 3997 QUAE
916 3931 981 3987 EST
997 3932 1298 3990 BASILIDIANORUM.

352 4035 480 4090 Basilides
492 4034 525 4089 sd
537 4035 662 4089 Antonini
672 4035 713 4089 Pii
727 4041 845 4106 tempora
855 4037 935 4100 sirit,
951 4041 982 4090 ut
992 4037 1030 4090 sit
1041 4036 1121 4092 Cleru.
1133 4037 1209 4092 Alex.
1221 4055 1268 4093 ιιι.
1280 4037 1388 4104 suom,
1408 4040 1456 4110 qui

286 4121 390 4190 quidem
404 4121 540 4176 Glauciam
550 4121 620 4174 Petri
635 4121 800 4191 interpretem
810 4123 966 4191 magistrum
982 4139 1060 4176 suum
1075 4123 1199 4178 iactabat.
1221 4121 1260 4178 De
1275 4122 1327 4176 lroc
1342 4125 1455 4196 sparsim

284 4207 354 4260 idem
365 4207 569 4271 Alexandrinus,
580 4207 704 4260 Ireueeus
715 4223 776 4261 uero
787 4207 872 4260 fusius
883 4208 929 4264 lib.
943 4225 960 4262 1.
973 4223 1029 4280 cup.
1042 4224 1127 4274 niu,
1138 4207 1267 4264 Eusebius
1278 4209 1326 4265 lib.
1337 4226 1374 4264 rs.
1385 4211 1452 4264 ilist-

286 4307 343 4363 osp.
354 4309 398 4356 vn,
409 4289 545 4356 Theodec,
557 4307 587 4349 sc
599 4293 700 4348 caeteri.

353 4375 384 4432 N.
397 4394 414 4430 ι.
432 4371 582 4438 diuturnius
595 4377 828 4448 ὑπερβαλλόμενος]
844 4377 921 4432 Forte
933 4375 997 4440 τινας
1009 4384 1036 4432 et
1047 4377 1206 4450 ὑποβαλλόμ.

353 4460 385 4514 N.
397 4479 425 4516 11.
442 4459 512 4514 Ιίατδι
523 4462 635 4532 διαίρεσιν
647 4462 754 4534 arlico]
780 4463 838 4518 Nou
859 4465 949 4519 dubito
966 4465 1029 4534 quin
1046 4464 1079 4517 ad
1094 4465 1182 4518 locum
1196 4466 1271 4520 illum
1286 4467 1451 4538 respexerint

287 4543 380 4600 horum
392 4548 553 4602 somniorum
564 4547 687 4613 artifices,
700 4549 745 4619 qni
757 4554 797 4602 est
807 4549 883 4604 Dent.
895 4567 984 4616 xxxii,
995 4549 1020 4606 8.
1032 4565 1067 4604 cx
1078 4567 1132 4604 nan
1143 4550 1317 4622 Interpnsun
1325 4551 1450 4608 editiones

287 4628 386 4702 ἔστησεν
398 4629 453 4704 ὅρια
463 4631 539 4686 stoue
551 4632 614 4688 κατὰ
625 4630 726 4710 ιἰριδμιυ
738 4631 852 4706 ἀγγέλων
864 4634 929 4694 θεοῦ,
