3252 5158
344 385 527 444 ccxxxviii

343 541 468 606 violence,
485 541 512 596 in
524 539 673 610 Aethiopia,
690 555 744 594 non
760 540 789 593 in
800 539 864 593 heia
878 537 958 594 eitum
974 535 1066 604 hehet,
1083 544 1114 593 nt
1122 537 1167 594 uei
1179 536 1340 610 epiphanins
1355 538 1416 610 ipae
1431 535 1505 592 tutuo

343 625 420 680 huiue
436 627 521 696 operie
537 633 564 680 ot
579 627 606 678 in
619 623 749 679 hethianie
762 625 848 690 docet,
866 640 925 677 curn
938 624 969 677 tle
980 624 1169 696 propagatione
1180 624 1298 696 gentium
1310 623 1374 694 agit.
1410 622 1506 686 Quaen-

344 712 432 767 ohrenn
444 711 548 764 Africae
558 711 693 780 regiones,
710 717 736 764 et
750 710 785 763 ed
799 709 932 764 meridiem
944 710 1008 764 eltae
1019 725 1079 763 cunr
1091 709 1212 764 Aeietioie
1224 717 1251 763 et
1266 709 1439 763 orientaiihue
1450 723 1506 778 pet·

343 797 456 850 miscuit.
477 795 534 850 Nini
545 796 611 850 iorte
622 795 792 859 Auxumitee,
809 795 1028 865 quenadmodum
1043 795 1238 860 oenomaum,
1254 795 1281 848 in
1294 794 1392 848 intio
1403 809 1507 864 quoque

343 882 507 936 collocando·
518 881 648 952 quiepiem
659 887 744 951 putet,
757 881 826 934 unde
837 882 865 934 in
876 879 1039 951 Aethiopiam
1049 880 1245 935 treneiremrint.
1281 878 1349 932 Nam
1364 885 1392 932 et
1404 877 1508 932 Aethio·

343 983 391 1038 pue
402 973 505 1021 conetet
516 968 549 1020 ab
561 967 690 1020 hrebihua
704 973 873 1037 propegetoe,
890 965 968 1036 idque
979 966 1021 1020 rel
1037 966 1177 1037 appellatio
1193 967 1250 1036 ipra
1264 965 1367 1036 prohat.
1405 964 1507 1018 [iterim

344 1050 486 1122 Ἀβισηνοὶ,
502 1052 571 1122 quod
588 1069 683 1106 nomen
693 1050 833 1123 Aethiopee
844 1051 921 1105 hodie
932 1051 983 1104 eibi
994 1051 1144 1116 vendicent,
1160 1051 1188 1104 iu
1199 1051 1297 1104 Arebie
1312 1049 1424 1104 turifera
1439 1049 1508 1120 apati

344 1137 505 1208 Stephanum
523 1138 601 1208 poeiti
618 1143 686 1192 sunt.
721 1137 786 1190 Vide
804 1153 871 1206 queo
889 1135 1005 1206 Scaliger
1028 1136 1059 1189 ad
1076 1135 1233 1207 Oornputum
1249 1133 1368 1206 Aethiop.
1387 1135 1509 1188 oheereat
1614 1185 1615 1200 p

342 1223 388 1276 iih.
396 1241 442 1277 vn.
454 1223 486 1275 de
497 1221 605 1276 Emend.
618 1223 707 1292 Temp.

412 1307 458 1360 ilai
470 1307 578 1378 lioo'peev
590 1306 631 1358 aei
642 1306 736 1375 Alpem]
760 1306 879 1377 Bngeem
891 1323 1020 1378 nunquam
1033 1307 1095 1361 olibi
1104 1307 1214 1377 reperio.
1241 1305 1298 1359 Nisi
1309 1305 1381 1376 quod
1392 1303 1509 1360 Eutherio

243 1417 265 1456 p.
274 1403 318 1446 att.
344 1409 461 1464 capuit,
473 1393 496 1446 6.
506 1393 589 1448 Amen
600 1391 724 1463 Bngeeue
736 1393 888 1464 appelletur.
915 1392 967 1446 Sed
975 1410 1023 1463 pro
1033 1390 1290 1462 Bocpet‘toc’hpapotoe
1299 1389 1409 1461 qnidam
1417 1391 1509 1444 reami-

345 1479 418 1543 bunt,
429 1495 482 1534 non
491 1483 568 1534 recte.
581 1478 671 1531 Potest
679 1479 748 1532 enirn
756 1478 841 1548 ignoti
849 1477 984 1532 cuiuedum
995 1479 1047 1532 ioci
1056 1493 1153 1532 nomen
1162 1493 1229 1542 eeee,
1238 1483 1265 1530 et
1272 1476 1508 1547 qnioemtneyria

342 1563 411 1618 Nem
419 1564 488 1635 quod
497 1563 605 1617 Macedo
617 1563 733 1616 eiusdem
741 1559 799 1617 libri
808 1579 923 1634 capam.
933 1561 1028 1618 coms.
1039 1565 1123 1618 Arnen
1132 1579 1189 1616 eeee
1197 1561 1299 1627 elicitur,
1311 1560 1458 1616 honoraria
1466 1577 1508 1614 ru·

343 1650 419 1721 epitio
432 1655 483 1714 eet,
495 1650 661 1719 interpretem
671 1648 810 1714 Graecum,
822 1651 868 1719 qui
879 1651 928 1704 enb
940 1649 1090 1702 Ptolomaeo
1102 1663 1164 1719 rege
1177 1648 1303 1702 Graecum
1314 1648 1508 1718 interpretatiu-

343 1735 495 1800 nemetlidit,
504 1733 1105 1804 Macedonienomengenereiiuanenrpaeeopro
1114 1734 1260 1804 peregrino,
1269 1731 1508 1803 etEuropeeu,hoe

343 1828 383 1874 eet
394 1821 427 1874 eb
438 1820 580 1890 lluropeeia
593 1817 715 1884 enuntio,
732 1819 777 1889 qni
793 1819 820 1872 in
837 1817 914 1888 Syrie
924 1819 1038 1888 iainque
1054 1818 1246 1883 consedissent,
1263 1835 1323 1872 cum
1340 1819 1375 1871 ab
1387 1819 1508 1872 metim

345 1905 437 1960 Graeci
453 1911 510 1960 tum
526 1920 618 1958 ornnea
628 1903 784 1958 hiecedonee
795 1910 958 1970 comentur,
973 1905 1012 1957 uti
1024 1903 1163 1958 Christiani
1179 1919 1196 1956 a
1207 1903 1298 1957 'lurcio
1309 1903 1392 1974 vulgo
1406 1903 1508 1966 haud.

343 1991 521 2046 iinhurnetani
533 1990 656 2044 enoetrie
668 1990 767 2043 'iurem
777 1990 953 2044 nominentur.
985 1989 1069 2054 Quem
1080 1990 1255 2044 coniecturam
1265 1987 1365 2042 indicet
1374 1987 1508 2041 Semriua

344 2083 440 2132 noeter.
473 2075 528 2130 lent
540 2075 618 2139 Liba,
634 2081 759 2144 quantum
771 2092 805 2129 ex
816 2071 975 2145 geographie
986 2076 1075 2146 colligi
1085 2081 1184 2145 poteet,
1199 2075 1272 2128 nulle
1286 2075 1313 2127 in
1332 2073 1443 2128 orientia
1460 2075 1508 2126 iate

343 2168 427 2216 tractu
443 2161 576 2232 reperitur.
610 2160 667 2214 Nini
680 2160 749 2229 quoti
762 2160 832 2230 apud
846 2159 938 2229 Polyb.
948 2161 993 2214 lib.
1001 2178 1027 2213 v.
1038 2161 1243 2231 Mesopotemiee
1255 2157 1382 2230 oppidum
1394 2159 1453 2212 eiua
1464 2173 1508 2212 uo·

343 2248 421 2302 minie
433 2253 481 2301 oet.
504 2245 556 2300 Sed
564 2245 679 2315 regionis
691 2261 744 2298 uon
756 2245 843 2316 oppidi
854 2243 902 2299 hoc
913 2246 970 2299 ioco
983 2261 1039 2298 esee
1051 2245 1156 2316 proprie
1166 2245 1267 2298 eidetm
1278 2243 1429 2316 eppeilatio.

411 2329 565 2402 iiii-sephet]
587 2329 698 2393 Quinem
709 2331 762 2384 eint
772 2331 911 2401 hingonlee
924 2336 1050 2401 quaerent
1060 2330 1155 2401 quibua
1167 2331 1250 2384 otium
1260 2337 1314 2394 oet,
1331 2336 1360 2383 et
1374 2335 1466 2384 utuuan
1478 2329 1508 2382 li·

344 2418 419 2487 lyrici
429 2415 629 2486 Pannoniaeque
640 2416 729 2486 populi
740 2415 801 2468 eint
834 2415 902 2469 Nem
919 2422 945 2468 et
955 2415 1076 2486 lingones
1088 2415 1188 2470 Turoue
1199 2413 1297 2486 paeeim
1309 2413 1455 2486 iiungaroe
1466 2430 1508 2468 ro·

346 2507 419 2567 cant,
437 2507 464 2554 et
480 2501 636 2572 pepeptophe
652 2516 669 2552 a
686 2500 791 2554 Graecis
802 2501 882 2570 turigo
895 2500 1072 2571 hiempertcp'oe
1090 2501 1243 2572 appelletur.
1277 2499 1330 2554 Sed
1347 2499 1414 2554 haec
1429 2501 1509 2570 louge

344 2586 482 2658 Epiphanii
498 2586 659 2656 temporibne
676 2585 820 2639 recentiore
835 2585 946 2640 iortaaee
967 2603 1021 2640 uon
1039 2593 1195 2657 congruunt.
1227 2585 1413 2650 Quaerendum
1428 2586 1510 2656 igitur

345 2673 465 2744 amplius.

413 2757 461 2826 Τῆς
471 2773 497 2810 re
506 2755 555 2810 τὼν
565 2755 705 2823 hainone]
722 2755 781 2810 Non
791 2755 872 2823 mele,
884 2763 915 2812 ut
926 2759 1025 2828 opinor,
1034 2757 1135 2810 Σκάτων
1146 2757 1323 2828 protheatur
1331 2757 1508 2828 repoeuirnua

343 2844 416 2898 Secti
427 2844 461 2898 ab
472 2843 593 2913 iiiepanie
605 2847 690 2894 ortum
702 2839 855 2896 habuerunt.
872 2844 907 2896 At
917 2843 1009 2898 Frenei
1019 2842 1156 2915 Epiphenii
1165 2848 1281 2913 ternpore
1293 2858 1375 2915 prope
1386 2841 1509 2896 Rhemum

343 2930 411 2984 elnon
421 2926 887 2982 FrieiemetBatariannhebitabant
1614 2995 1615 3004 ἵ

410 3013 441 3070 il.
453 3031 550 3069 naxuv.
573 3011 619 3064 liei
631 3010 686 3065 καθ’
698 3011 800 3079 inierat
811 3011 922 3086 ἡμέραν]
956 3013 1023 3069 illud
1036 3014 1096 3075 ieme
1111 3031 1166 3068 uon
1182 3011 1336 3084 ἆπορητιιιῶς
1354 3013 1509 3084 manipulo,

344 3099 389 3154 eed
404 3099 473 3154 idem
489 3115 546 3152 eaee
563 3105 643 3168 utque
658 3098 808 3170 aequaliter.
842 3098 917 3162 Quod
932 3101 969 3153 eit
985 3097 1039 3152 καθ’
1052 3097 1155 3166 trienne
1166 3097 1258 3170 ἡμέραν
1269 3099 1391 3154 lucerne·
1403 3099 1508 3162 urm,

345 3185 376 3238 de
392 3191 482 3250 nocte,
499 3201 565 3254 queo
582 3183 734 3254 νυχθημίρου
750 3199 810 3256 para
826 3189 878 3250 eat,
895 3185 1004 3240 dubium
1021 3190 1061 3238 eet
1076 3185 1185 3238 nullum.
1220 3184 1272 3238 Sed
1289 3189 1378 3238 utrum
1394 3183 1507 3238 interdie

344 3287 447 3342 qnoque
462 3271 577 3324 luxerint
592 3287 645 3324 non
661 3269 725 3322 odeo
742 3277 852 3325 conatui.
884 3269 1003 3340 Lyranuo
1021 3276 1047 3325 et
1062 3271 1201 3324 Abolenaie
1217 3269 1251 3323 ad
1262 3270 1306 3324 iih.
1316 3287 1334 3324 r.
1347 3268 1415 3339 lieg.
1427 3275 1507 3324 noetu

344 3356 440 3425 diuque
450 3355 545 3425 pariter
557 3356 652 3410 ereieae
663 3355 792 3420 ecrihunt,
806 3355 854 3408 eed
870 3362 949 3409 noctu
961 3357 1060 3428 ploret,
1077 3356 1109 3410 de
1125 3355 1166 3408 die
1181 3356 1327 3428 pauciores,
1345 3352 1397 3408 hoc
1409 3361 1463 3420 eet,
1478 3361 1506 3407 ut

344 3439 468 3510 ioaepirue
481 3441 572 3494 uenerit
582 3440 627 3493 lib.
636 3457 675 3494 ιιι.
687 3454 743 3512 cop.
754 3457 789 3494 rx.
802 3445 920 3512 quotuor.
937 3438 1054 3504 Quorum
1063 3441 1150 3511 opinio
1161 3441 1298 3494 autoritate
1307 3439 1461 3512 Scriptum
1468 3440 1505 3494 ui·

344 3527 413 3580 titur.
448 3525 477 3579 Si
493 3525 596 3595 quidem
612 3523 697 3578 Exodi
707 3543 769 3580 xxx.
781 3541 848 3582 com.
858 3525 883 3582 8.
895 3532 949 3580 nnn
964 3541 1042 3580 mene
1058 3525 1179 3597 componi
1192 3527 1313 3579 lucernee
1326 3541 1409 3597 qnam
1420 3525 1453 3579 eal
1463 3541 1506 3578 re-

344 3627 449 3682 aperum
460 3610 580 3664 collocari
592 3609 719 3664 dicuni-ur.
749 3611 858 3672 Quando
870 3621 998 3682 componet
1008 3614 1139 3676 lucernae,
1154 3613 1271 3664 incendet
1279 3611 1357 3675 fflod,
1370 3622 1396 3664 et
1406 3612 1506 3682 pheudo

344 3695 479 3749 collocabit
489 3713 533 3748 eoa
545 3697 582 3748 nei
591 3713 720 3765 coeperunt
732 3705 779 3749 etc.
791 3696 860 3766 qnod
872 3697 982 3767 intelligi
993 3713 1046 3752 uon
1057 3701 1154 3768 potent,
1171 3697 1195 3750 ai
1204 3711 1312 3767 coepere
1324 3695 1454 3750 duntaxat
1465 3711 1505 3749 ae-

343 3780 418 3835 cendi
434 3781 553 3835 lucernee
570 3781 651 3834 moria
668 3780 754 3834 luerit
776 3780 874 3836 Verum
890 3787 969 3834 noctu
986 3781 1115 3836 duntaxat
1130 3782 1229 3836 luxisee
1245 3781 1384 3852 perepicuo
1400 3780 1506 3835 docetur

342 3865 427 3921 Exodi
439 3865 706 3931 urer.oonn.21.,ubi
718 3865 749 3920 de
760 3867 866 3920 lnoerna
876 3867 914 3920 ita
924 3868 1120 3937 praecoribitur:
1133 3867 1169 3920 Et
1177 3867 1336 3920 oniiooohnat
1347 3885 1405 3919 eoae
1415 3869 1506 3920 Aaron
1614 3855 1615 3938 J

344 3955 426 4022 etfiiii
437 3957 501 4015 eine,
518 3960 547 4002 nt
561 3969 637 4020 nepote
652 3969 726 4004 raone
737 3952 824 4004 locent
834 3969 921 4004 oorom
934 3954 1048 4005 minino.-
1065 3970 1126 4008 uxr.
1140 3948 1181 4021 ἀφ’
1194 3950 1295 4022 icaipuc
1307 3949 1356 4013 ῑως
1367 3945 1443 4022 reperi.
1466 3951 1505 4005 ie
1614 3949 1615 3952 ’

343 4038 430 4110 ipeurn
445 4043 517 4091 etex
528 4037 601 4093 liinr.
613 4037 678 4107 Reg.
690 4053 796 4107 ceprrr.
809 4036 910 4092 com.3.
923 4037 1065 4092 deducitur.
1093 4037 1213 4090 Lucerem
1226 4039 1269 4090 dei
1279 4046 1415 4108 anteponat
1426 4041 1505 4090 cetia-
1614 4029 1615 4050 ³

342 4133 470 4193 peteretur,
481 4123 576 4192 inquit,
587 4122 691 4176 &noel
702 4123 843 4176 dormiebat
851 4126 879 4174 in
891 4124 980 4192 templo
993 4124 1098 4186 mirri,
1114 4123 1158 4174 nii
1169 4131 1227 4175 erat
1237 4140 1304 4176 oron
1317 4124 1366 4174 dei.
1402 4121 1455 4186 Qui
1468 4122 1506 4176 lo·
1614 4147 1615 4170 t

344 4225 390 4264 cua
402 4209 465 4263 olim
476 4209 504 4261 in
514 4207 613 4262 Latinio
625 4207 756 4262 codicibua
773 4206 896 4262 mendene
912 4207 1047 4277 legebatur
1061 4207 1110 4262 iroc
1125 4208 1216 4262 motion
1239 4207 1296 4260 Nec
1303 4209 1506 4277 pomerellia-e

344 4297 473 4348 leonnato
482 4295 524 4346 det
532 4303 665 4364 nemora
674 4297 868 4362 anteponetur,
880 4292 1003 4346 adrereue
1015 4299 1041 4346 et
1048 4293 1202 4348 Hebraicern
1209 4292 1301 4357 ficiem,
1313 4291 1506 4347 etGrueeorun

342 4379 588 4450 interpretationem.
623 4378 696 4442 Quod
715 4380 808 4432 vitium
825 4379 888 4432 olim
904 4378 1146 4433 iem·eubodoratue
1164 4383 1220 4433 erat
1235 4377 1354 4448 Lyrenue
1372 4383 1399 4432 et
1416 4393 1432 4430 e
1448 4379 1505 4431 iiie·

343 4469 429 4518 mente
446 4464 568 4534 pontifice
579 4464 723 4519 norieeima
733 4465 882 4519 receueione
893 4465 1026 4518 aublatnrn
1038 4469 1085 4519 eet.
1106 4462 1191 4528 Quare
1202 4463 1299 4517 iruetm
1308 4463 1407 4518 Rihera
1416 4469 1505 4517 noaier
1614 4481 1615 4530 g

342 4550 423 4606 hbeo.
433 4568 462 4607 ar.
473 4549 511 4604 itu
523 4549 654 4603 obeoietae
663 4549 723 4604 hnic
733 4549 838 4604 lectioni
849 4551 1034 4620 petrocinatun
1045 4549 1336 4620 qnaaiaocpuietirunn
1348 4549 1503 4602 iniiehraeo
1578 4569 1583 4580 ·
1614 4569 1615 4626 ι

343 4633 481 4690 munim:
501 4635 538 4687 et
552 4653 601 4688 nott
610 4637 824 4704 poter-nimicae,
841 4638 1005 4689 etloceraont
1017 4636 1066 4689 elei.
1093 4633 1145 4689 eei
1162 4651 1207 4690 eee
1225 4633 1426 4689 nomentanos
1442 4639 1504 4688 auia
1614 4659 1615 4682 i
