3210 5154
692 984 829 1047 senen

504 1136 1017 1226 EPIPHANII

284 1340 668 1418 canunt
731 1339 1238 1418 HAERESES

595 1525 684 1576 Lllllll
702 1526 744 1576 lll.
779 1526 895 1578 TOMUS
914 1525 932 1576 l.

339 1765 408 1843 llll
437 1764 765 1842 scntsuuult
793 1763 1188 1857 tentabuntur,

432 1911 514 1984 quae
542 1892 594 1960 eal
620 1885 769 1962 haeresis
794 1883 856 1976 L,
883 1884 955 1959 siue
980 1883 1090 1960 Lxx.

264 2035 411 2115 Audiani,
444 2031 651 2116 sirelldiaui,
686 2036 846 2099 incoctum
865 2036 1007 2117 cruendam
1028 2034 1340 2118 conventumquscol·
1372 2066 1432 2134 (gp,
1448 2067 1467 2118 1.

177 2138 248 2202 lecti
268 2137 298 2201 io
315 2139 501 2202 monasteriis
520 2136 667 2216 hubitant,
698 2147 728 2200 et
744 2137 780 2200 ab
803 2135 950 2198 bomirarm
975 2136 1189 2200 cousuetudine
1212 2134 1341 2219 separati
1485 2133 1489 2142 '

179 2242 285 2325 partim
306 2239 335 2302 io
350 2241 574 2319 solitudinibus,
606 2239 709 2324 partim
730 2257 819 2324 prope
836 2239 958 2324 oppida,
991 2249 1041 2302 ant
1057 2237 1086 2300 iu
1100 2236 1276 2300 suburbanis
1292 2235 1343 2298 de-

177 2353 266 2426 guut,
288 2353 338 2405 eut
356 2341 528 2425 ubicumque
547 2342 715 2404 mansiones
728 2361 797 2404 suas
811 2341 875 2404 sive
891 2339 1033 2402 coenobia
1049 2339 1232 2403 collocarint.
1279 2335 1342 2402 llu-

178 2443 226 2507 ius
244 2454 344 2506 sectae
368 2444 503 2506 conditor
522 2444 575 2507 brit
590 2443 704 2507 Audius
725 2443 780 2507 sub
797 2441 863 2505 Arii
887 2453 1036 2526 tempora,
1068 2443 1183 2524 quaudo
1200 2441 1343 2504 adversus

181 2543 261 2607 bunc
278 2545 400 2608 collecta
420 2545 625 2630 episcoporum
649 2545 780 2630 aprrodos
797 2533 859 2624 es't,
891 2563 908 2606 a
926 2542 1031 2626 quibus
1047 2553 1093 2606 est
1109 2542 1158 2606 ille
1174 2543 1340 2605 damnatus.

179 2643 243 2710 Sed
268 2646 384 2710 Audius
409 2645 664 2733 eblesopotumia
691 2645 832 2710 oriundus
858 2643 935 2708 domi
962 2645 1059 2708 clarus
1087 2643 1118 2706 iu
1144 2643 1245 2728 primis
1274 2642 1339 2721 luit,

180 2757 303 2832 propter
319 2759 349 2810 et
364 2749 443 2812 ritae
457 2749 655 2831 iutegritatem
671 2760 700 2812 et
716 2747 833 2811 divinae
848 2747 913 2813 bdei
929 2746 1025 2810 zeloru
1043 2755 1070 2808 et
1088 2746 1237 2809 ardorem.
1282 2741 1343 2826 Qui

180 2871 247 2912 eum
262 2867 351 2934 saepe
365 2850 504 2913 mosolla
518 2848 633 2913 rideret
648 2871 723 2935 quae
739 2851 768 2912 iu
781 2848 915 2913 ecclesiis
933 2867 1085 2933 perperam
1104 2858 1259 2930 geruntur,
1281 2847 1343 2930 rpi-

179 2971 288 3035 scopos
302 2971 336 3014 ac
356 2952 546 3038 presbyteros
564 2973 663 3014 coram
681 2951 836 3035 increpare
849 2971 884 3014 ac
900 2952 1080 3034 redarguere
1095 2969 1153 3012 uua
1170 2949 1340 3026 verebatur,

181 3063 210 3114 et
229 3052 385 3115 identidem
402 3073 534 3131 mouere,
558 3051 629 3116 Nou
648 3052 756 3116 debant
771 3053 842 3114 baec
860 3052 917 3114 isto
933 3052 1019 3113 modo
1033 3051 1111 3128 lieri,
1134 3069 1192 3112 uon
1208 3048 1250 3112 ita
1270 3049 1343 3112 lraeo

180 3154 386 3216 adouioistrare
414 3155 565 3218 convenit.
622 3153 704 3217 llaec
732 3165 867 3238 tauqrtam
894 3151 1028 3216 ueritatis
1058 3171 1160 3215 amaus
1181 3171 1216 3214 ac
1241 3163 1341 3214 cetera

179 3255 208 3317 id
229 3275 321 3336 genus
339 3272 480 3340 usurpare
496 3256 627 3335 solebat,
661 3275 737 3339 quae
761 3256 926 3339 exquisitae
946 3254 1099 3339 probitatis
1116 3253 1280 3316 bominibus
1300 3255 1342 3316 la-

181 3356 305 3418 miliarin
318 3367 404 3436 suut,
428 3359 475 3440 qui
493 3357 530 3420 ob
546 3358 697 3441 egregium
715 3357 976 3441 pietatis-studium
993 3375 1135 3420 summam
1152 3356 1180 3417 io
1195 3355 1342 3438 loquendo

180 3456 345 3520 libertatem
366 3459 515 3523 adhibent.
561 3456 664 3541 Quare
681 3480 746 3522 cum
766 3459 923 3537 nonnulla,
955 3458 1032 3521 siout
1047 3457 1129 3535 diui,
1153 3457 1227 3520 oute
1245 3458 1274 3519 iu
1294 3477 1343 3518 ec-

180 3557 280 3621 elesiis
294 3560 358 3644 geri
375 3571 529 3639 corrueret,
554 3582 762 3645 nonnunquam
778 3581 853 3645 quae
874 3559 999 3626 sentiret
1017 3558 1094 3642 loqui
1112 3579 1146 3620 ac
1165 3559 1342 3641 redarguere

180 3661 358 3740 cogebatur,
391 3681 446 3724 uec
471 3662 590 3726 omniuo
616 3673 715 3726 tacere
741 3672 866 3747 poterut.
913 3659 1004 3726 Velut
1028 3659 1053 3723 si
1076 3680 1162 3743 quem
1187 3679 1205 3722 a
1228 3658 1344 3722 clericis
1469 3738 1477 3749 Ι

181 3763 369 3846 pecuniarum
389 3763 453 3846 plns
474 3783 568 3848 aequo
586 3763 721 3850 cupidum
740 3764 871 3841 videret,
904 3763 1089 3848 episcopum,
1121 3772 1172 3824 aut
1189 3760 1344 3845 presbyte-

183 3883 267 3941 rum,
301 3875 351 3928 aut
374 3864 461 3928 alium
489 3866 653 3950 qtrampiom
680 3866 729 3950 qui
756 3864 967 3929 ecclesiasticis
996 3863 1146 3927 ordinibus
1171 3871 1342 3940 cerrseutur,

182 3965 366 4049 exprobrare
381 3985 440 4029 uon
458 3966 625 4048 dubitabat;
649 3959 698 4030 adt
716 3967 741 4030 si
761 3967 904 4052 quispiam
922 3968 993 4031 luxu
1008 3985 1043 4029 ac
1060 3963 1171 4027 deliciis
1187 3963 1368 4045 difflueret„

181 4065 245 4130 sire
268 4068 356 4130 ullam
381 4069 576 4132 ecclesiastici
599 4069 743 4152 dogmatis
766 4091 800 4132 ec
822 4069 993 4154 discipliuae
1017 4072 1127 4152 partem
1152 4065 1343 4129 adulterando

181 4181 400 4254 corrumperet,
425 4169 545 4256 patienti
561 4191 743 4254 nequaquam
763 4173 863 4234 feraris
880 4169 978 4234 auimo
995 4169 1110 4244 verbis,
1136 4167 1175 4230 uti
1191 4168 1270 4246 dixi,
1293 4189 1343 4231 ca·

181 4269 317 4354 stigabat.
363 4268 449 4353 Quod
466 4273 580 4356 quidem
600 4273 797 4336 dissolutioris
816 4273 893 4336 vitae
911 4270 1076 4335 bominibus
1094 4269 1247 4334 molestum
1265 4283 1341 4336 erat.

181 4366 266 4434 llode
283 4373 426 4436 maximos
444 4385 599 4460 propterca
615 4374 808 4438 contumelias
827 4373 985 4452 sustinuit,
1009 4372 1126 4436 irelcstis
1143 4377 1272 4438 omnium
1289 4395 1343 4437 vo-

182 4471 264 4535 cibus
288 4485 317 4536 et
340 4475 415 4538 odiis
442 4477 622 4560 exagitatus.
668 4476 711 4540 At
732 4477 781 4540 ille
805 4477 931 4540 iactatus
956 4475 1011 4540 boc
1035 4476 1122 4540 modo
1145 4486 1175 4540 et
1198 4477 1344 4563 pulsatus,

213 4605 239 4659 2
254 4603 299 4664 cde
315 4609 383 4661 codd
399 4625 455 4662 mu.
804 4609 830 4664 il.
847 4610 878 4669 at
895 4607 941 4667 acl
960 4575 1042 4668 beust
1064 4611 1154 4670 τούτου
1174 4613 1226 4666 cod.
1243 4613 1342 4679 llbedtp.
