3200 5158
1160 361 1255 418 oxvn

93 507 187 562 mentia
198 509 339 579 approbet
365 509 436 564 Adde
452 511 523 581 qued
533 511 661 567 Eusebius
671 513 807 586 Augustus
824 529 892 568 aune
909 515 1021 588 imputat
1032 533 1089 582 err,
1104 533 1207 572 meuses
1219 537 1255 585 vr,

91 592 139 647 hoc
157 598 200 646 ast
216 593 371 650 inchoatum
383 613 445 651 usu.
481 595 566 660 Quare
583 614 644 652 cum
660 598 793 670 Augustus
809 615 877 654 anuo
894 599 970 654 Urbis
982 600 1040 654 161.
1053 602 1154 656 duobus
1166 601 1255 656 Sextis

92 694 154 732 coss.
167 685 290 736 mortuus
310 681 357 746 sit,
373 699 426 736 xrv.
439 679 496 736 Kal.
510 681 579 754 Sept
592 699 676 738 annus
693 685 762 755 apud
773 685 915 739 Eusebium
932 686 1164 758 quinquagesimus
1178 689 1255 759 septi·

90 781 148 819 mus
160 781 178 819 a
189 767 291 822 Martie
303 766 392 819 debuit
401 767 526 838 incipere,
538 768 647 839 ideoque
658 770 757 840 primus
769 771 859 824 incidit
869 773 896 824 iu
908 771 985 824 Urbis
994 772 1052 827 711.
1069 773 1159 843 ltaque
1170 789 1254 828 annus

89 853 204 923 Augusti
214 871 278 908 xan.
293 851 380 922 coepit
389 849 466 906 Urbis
478 869 547 908 aeuo
556 853 623 920 752,
635 854 733 910 Iuliane
746 873 816 912 xurv.
829 855 954 927 losephns
965 872 1025 910 vero
1037 856 1054 910 1.
1063 875 1091 912 u.
1104 858 1135 912 de
1146 858 1255 913 Excidio

90 954 146 1010 cap.
156 957 232 1004 ναι,
246 951 306 992 cum
316 937 418 1008 imperii
429 955 511 994 anuos
523 947 644 994 numerat
653 959 720 1006 cru,
737 958 839 996 meuses
849 960 888 1007 vr,
905 942 959 995 dies
967 961 1000 1008 11,
1019 943 1120 1014 abipso
1133 959 1202 999 auno
1214 944 1255 998 Iu·

89 1026 173 1080 liauae
185 1024 274 1078 caedis
288 1022 394 1088 orditur,
406 1030 433 1076 et
445 1025 548 1094 quidem
559 1031 663 1097 postero
673 1027 714 1081 die
726 1028 759 1081 ab
767 1027 855 1080 idibus
863 1027 972 1082 Martiis.
990 1027 1149 1099 Epiphanius
1158 1036 1255 1097 autem,

90 1111 134 1184 qui
142 1126 214 1164 anuo
225 1109 327 1163 iuliano
336 1125 407 1164 xurv.
418 1115 510 1164 uatum
521 1111 677 1166 salvatorem
690 1113 808 1178 credidit,
821 1112 918 1168 vmdd.
925 1113 979 1168 lau.
992 1127 1059 1168 auno
1068 1114 1181 1185 Augusti
1190 1134 1254 1170 run.

89 1197 193 1252 initium
207 1196 264 1250 eius
279 1195 372 1248 statuit
383 1195 485 1250 Iuliano
495 1197 583 1263 tertie,
592 1196 734 1254 Urbisiil.
752 1199 831 1268 Atqui
839 1198 956 1252 nondum
965 1216 1029 1254 ιω.
1037 1200 1156 1255 ianuario
1166 1217 1255 1256 meuse

88 1281 229 1336 inchoatus
241 1280 337 1335 iuerat.
361 1279 402 1333 lta
413 1285 460 1337 est.
484 1281 536 1336 Sed
548 1277 611 1335 acri
622 1283 744 1354 πρόληψιν
762 1283 904 1338 secuudum
921 1289 946 1338 et
964 1284 1192 1355 quadragesirnum
1208 1303 1254 1340 au-

89 1385 151 1423 uum
168 1383 186 1421 a
202 1366 264 1421 Kal.
275 1363 333 1419 lau.
349 1364 458 1437 incepit,
475 1367 544 1438 quod
559 1369 690 1440 plerisque
705 1369 873 1440 scriptoribus
890 1369 948 1422 aliis
964 1375 1004 1423 est
1019 1370 1152 1426 familiare.
1186 1372 1254 1427 Nam
1281 1388 1302 1428 u·
1312 1379 1354 1422 1³1·
1389 1423 1395 1440 ,

90 1454 157 1524 quod
174 1453 209 1506 ab
222 1450 302 1505 Urbis
318 1451 469 1518 annulli,
487 1452 587 1507 luliauo
599 1453 637 1519 3.,
655 1455 768 1524 Augusti
782 1470 865 1508 annos
881 1459 1025 1526 computat,
1043 1463 1197 1529 argumente
1215 1465 1256 1512 est

91 1540 230 1611 temporis,
248 1553 300 1608 quo
318 1535 468 1606 imperarit,
484 1538 530 1592 illa
546 1539 663 1609 partitio,
679 1556 731 1610 qua
747 1540 860 1610 primum
876 1555 959 1594 anuos
976 1540 1100 1596 tredecim
1111 1543 1254 1613 imperasse

89 1625 192 1690 scribit,
204 1620 281 1696 erpwh
292 1619 335 1688 τὴν
348 1619 468 1674 Ἰουδαίαν
480 1623 627 1693 συναφθῆναι
638 1624 736 1686 τελείως
748 1623 892 1696 Ῥωμαίοις,
905 1625 974 1696 quod
986 1641 1054 1680 nuc
1066 1628 1103 1680 1111
1115 1629 1161 1698 qui
1168 1629 1254 1684 Actia·

90 1729 145 1766 cam
156 1709 298 1764 victoriam
314 1712 417 1760 secutus
435 1713 475 1762 est
490 1711 619 1780 congruit.
643 1711 742 1764 loliano
754 1711 854 1765 scilicet
864 1729 917 1766 rvr.
942 1710 1116 1775 Quamobrem
1127 1731 1143 1766 a
1154 1714 1253 1769 Inliauo

91 1797 163 1851 tertie
175 1795 211 1849 ad
221 1793 351 1848 decimum
361 1793 481 1862 quintum
493 1796 555 1850 anni
565 1794 688 1850 tredecim
700 1797 826 1862 existuut;
839 1798 933 1867 quibus
949 1797 1029 1850 additi
1043 1817 1108 1852 xxrx
1123 1817 1252 1856 summam

90 1901 143 1940 suu
154 1879 311 1942 conficiunt,
328 1893 438 1947 quorum
448 1887 595 1950 postremus
607 1900 677 1940 xcxv.
688 1882 788 1936 Iuliano
800 1883 891 1953 incipit
906 1887 932 1935 et
948 1883 1051 1953 quidem
1068 1901 1102 1938 ex
1119 1901 1144 1942 a.
1157 1886 1182 1941 d.
1195 1887 1253 1943 Kal.

89 1971 151 2035 lau,
163 1973 195 2021 ut
207 1966 312 2020 dictum
324 1967 370 2016 est
394 1963 478 2028 Quam
491 1968 524 2020 ob
536 1983 656 2022 caussam
674 1985 742 2022 auno
754 1967 866 2038 Augusti
877 1984 930 2023 xur.
941 1970 1028 2039 potius
1041 1986 1120 2040 quam
1131 1989 1195 2026 xum.
1207 1989 1252 2026 ua-

90 2055 147 2108 ulis
159 2051 259 2108 Christi
271 2049 446 2119 assignandus
456 2050 508 2104 tuit
523 2067 582 2106 cum
592 2052 712 2119 Irenaeo,
728 2052 899 2119 Tertulliano,
911 2054 969 2107 aliis
981 2057 1165 2126 compluribus.
1189 2056 1252 2111 Cae·

90 2149 172 2194 terum
184 2139 256 2193 idem
267 2135 311 2189 ilie
323 2150 406 2188 annus
418 2141 477 2206 pest
488 2137 620 2192 Actiacam
630 2139 766 2192 victoriam
778 2146 819 2192 est
829 2156 921 2194 xxvrrr.
944 2140 1064 2194 Actiacos
1082 2143 1152 2196 euim
1169 2159 1252 2197 anuos

88 2227 199 2297 Aepypti
213 2236 351 2278 numerare
363 2227 505 2292 coeperunt
516 2239 532 2276 a
542 2223 642 2278 Iuliano
654 2243 717 2290 xva,
729 2223 805 2278 Urbis
815 2224 873 2277 724.
890 2223 981 2296 Itaque
992 2227 1132 2281 vicesimus
1145 2235 1251 2284 octavus

90 2312 172 2382 coepit
182 2309 286 2364 Iuliano
298 2324 386 2373 xum,
402 2307 522 2379 idemque
538 2315 565 2362 et
580 2316 704 2380 sequente
720 2309 832 2376 iuliano,
849 2327 900 2380 quo
916 2317 993 2364 natus
1010 2318 1051 2365 est
1065 2328 1099 2366 ax
1113 2314 1252 2385 Epiphanii

89 2397 220 2451 sententia
231 2391 363 2458 Christus,
380 2391 493 2448 Ianumii
505 2413 539 2448 rr.
557 2394 641 2449 adbuc
656 2395 684 2449 iu
701 2412 780 2449 cursu
795 2401 862 2460 erat,
879 2413 957 2466 quem
968 2397 1011 2450 ille
1023 2403 1110 2452 mmen
1122 2418 1195 2456 1111.
1207 2418 1252 2472 ap-

89 2484 178 2555 pellat;
191 2478 278 2552 quod,
288 2480 341 2534 uisi
352 2480 435 2545 ialler,
447 2486 539 2534 contra
549 2487 627 2552 atque
635 2481 805 2535 Alexandrini
814 2488 1002 2536 consueverant
1013 2483 1157 2539 aKal.Iau.
1166 2488 1252 2558 auspi·

90 2575 166 2624 cetur.
183 2565 277 2637 Neque
288 2581 349 2619 raro
361 2581 470 2620 caussae
482 2567 683 2636 quicquamiuit
694 2568 779 2621 curin
787 2567 931 2623 Annalibus
940 2568 1009 2624 Eecl.
1019 2570 1116 2624 mirum
1124 2571 1253 2626 rideretur

91 2653 156 2725 quod
168 2652 291 2707 Clemens
304 2657 330 2704 et
340 2651 466 2705 Eusebius
479 2653 512 2706 ab
523 2653 630 2706 Actiaca
642 2669 731 2724 pugna
743 2670 825 2707 anuos
837 2654 871 2706 ad
881 2655 996 2708 natalem
1009 2655 1108 2708 domiui
1119 2663 1252 2728 computa-

90 2745 143 2794 rent
154 2755 256 2802 xxvrrr,
273 2741 320 2789 aut
334 2737 404 2807 quod
414 2737 542 2792 Eusebius
557 2738 586 2792 in
602 2736 729 2793 chronicis
740 2739 882 2794 Antonium
897 2745 923 2793 ct
935 2739 1099 2810 Cleopatram
1111 2741 1251 2796 debellatos

91 2825 222 2896 scripserit
238 2838 306 2876 anuo
323 2823 399 2876 tertie
417 2823 519 2894 Clymp.
529 2839 676 2890 ccxxxru„
693 2841 755 2879 cum
771 2841 803 2878 ea
819 2825 928 2878 victoria
945 2841 1013 2879 auno
1030 2825 1107 2878 Urbis
1125 2827 1252 2882 accideret

91 2911 159 2977 723,
176 2911 298 2979 Augusto
309 2927 350 2964 m.
362 2913 389 2962 et
399 2909 513 2962 Messala
525 2925 606 2975 cosa,
623 2909 783 2980 Olympiadis
800 2926 868 2964 anuo
885 2911 969 2965 tertio.
993 2910 1060 2964 Nam
1070 2911 1168 2966 Actiaci
1178 2909 1250 2980 anui,

92 2997 181 3067 quibus
194 2993 316 3048 Clemens
328 2999 406 3064 atque
417 2994 544 3049 Eusebius
555 2996 597 3050 usi
608 3001 681 3061 suut,
697 3013 750 3049 uon
768 2995 801 3049 ab
817 2996 874 3066 ipso
892 3012 960 3050 auno
977 2997 1005 3049 iu
1022 3012 1100 3066 quem
1116 3013 1206 3068 pugna
1219 3015 1251 3052 ac

90 3083 194 3136 victoria
208 3079 314 3144 cecidit,
325 3078 371 3134 aed
382 3097 399 3133 a
409 3081 529 3151 sequenti
539 3082 643 3146 meunt,
655 3080 816 3153 Olympiadis
827 3096 962 3137 currxru.
973 3083 1063 3146 tertie,
1076 3087 1137 3152 pest
1145 3084 1251 3138 Antonii

91 3173 115 3220 et
125 3167 279 3237 Cleopatrae
289 3182 389 3221 necem.
413 3164 486 3220 Unde
502 3183 585 3220 anuos
597 3166 710 3238 Augusti
724 3167 842 3238 plerique
858 3173 920 3220 sunt
937 3168 1037 3233 exorsi,
1054 3170 1098 3239 qui
1115 3175 1251 3240 propterca

91 3269 155 3307 anuo
166 3251 283 3322 Augusti
294 3269 386 3306 xxvur.
397 3259 488 3306 uatum
500 3253 588 3306 dixere
601 3251 739 3306 Christum.
763 3251 917 3324 Quanquam
934 3253 962 3306 iu
979 3269 1009 3307 eo
1022 3254 1128 3325 negotio
1142 3253 1249 3326 diligen·

92 3345 126 3392 ter
134 3337 256 3392 habenda
262 3339 328 3391 ratio
338 3342 390 3403 est,
402 3337 463 3408 quid
472 3338 647 3409 scriptoresiu
656 3337 776 3392 Actiacae
785 3339 907 3392 victoriae
916 3337 1015 3409 epocha
1023 3341 1251 3394 commemoranda

92 3424 139 3478 sibi
150 3423 286 3478 voluerint
309 3423 377 3476 Nam
389 3441 448 3478 cum
461 3425 585 3477 Actiacos
597 3443 675 3477 aanor
686 3424 848 3495 exprimunt,
865 3441 881 3478 a
892 3424 992 3478 Iuliano
1004 3443 1070 3492 xva,
1088 3427 1133 3497 qui
1144 3427 1250 3480 Actiaca

92 3511 195 3564 victoria
209 3510 337 3580 posterior
355 3515 405 3576 est,
422 3509 557 3581 incipiunt
586 3509 634 3564 Sin
650 3511 683 3563 ab
696 3510 802 3563 Actiaca
811 3510 920 3564 victoria
931 3515 971 3564 tct
981 3527 1064 3564 annos
1077 3513 1179 3584 elapsos
1192 3530 1248 3566 esse

94 3595 189 3661 dicant,
208 3595 242 3648 ab
259 3595 371 3666 ipsomet
386 3611 491 3666 pugnae
508 3597 609 3650 navalis
624 3612 693 3649 auno
715 3596 813 3648 ducunt
831 3596 941 3649 initium.
976 3595 1103 3660 Quocirca
1119 3600 1248 3652 immerito

93 3680 222 3751 Scaligerc
239 3685 344 3735 notatur
359 3681 549 3736 eruditissimus
567 3681 703 3748 Ouubius,
722 3681 791 3752 quod
808 3698 867 3735 cum
884 3687 975 3736 uatum
992 3699 1049 3736 esse
1061 3683 1192 3738 Christum
1208 3701 1249 3738 as-

94 3767 212 3820 seruisset
228 3766 348 3836 Augusto
366 3785 423 3822 xm.
445 3773 472 3820 et
487 3767 593 3821 Silvano
610 3784 677 3822 coss.
694 3769 746 3839 (est
760 3767 801 3822 hic
817 3783 901 3821 annus
917 3767 1033 3822 lulianus
1046 3786 1129 3833 xtra,
1145 3770 1247 3840 Olymp.

95 3867 178 3910 cxciv.
189 3853 293 3920 tertius]
304 3853 417 3906 eundem
427 3851 504 3906 Urbis
517 3869 573 3906 esse
589 3855 710 3907 statuerit
720 3852 791 3920 752,
806 3852 941 3907 Actiacum
953 3853 994 3908 30.
1028 3854 1154 3925 Scaligeri
1170 3855 1249 3909 verba

94 3944 151 3990 suut
160 3939 204 3992 lib.
215 3957 250 3992 rr.
264 3937 295 3991 de
306 3937 428 3993 Emend:
441 3938 511 3991 Nom
523 3943 678 3992 cancamum
690 3950 726 3992 eet
737 3941 892 3993 consulatum
901 3939 1013 4008 Aspartr'
1020 3957 1077 3994 xrrr.
1089 3945 1248 3994 concamiare

96 4039 144 4074 cam
156 4042 221 4076 orno
234 4027 306 4076 tertio
321 4023 416 4095 inmp.
427 4039 514 4079 cxciv.
547 4023 600 4077 Sed
616 4043 669 4078 cum
685 4044 778 4078 cranam
794 4025 917 4078 Pataliam
933 4024 1153 4078 Varroniancrum
1161 4029 1247 4094 saissa

98 4107 165 4173 752„
177 4109 419 4174 accrescendo,
431 4109 477 4162 hec
489 4111 652 4178 oeresulrum
664 4121 708 4165 cat.
736 4109 789 4164 Uno
801 4114 865 4162 caim
877 4128 943 4162 orreo
952 4111 1011 4178 plac
1023 4113 1094 4165 dicit.
1118 4110 1171 4164 sod
1181 4109 1246 4166 haec

96 4208 150 4246 cum
159 4193 282 4248 scriberet
291 4195 405 4266 rigilaus
417 4195 565 4250 somniabat
575 4194 699 4266 Scaliger.
730 4193 800 4248 Nihil
811 4194 880 4248 enim
891 4195 986 4248 certius
998 4199 1039 4248 est
1049 4212 1128 4266 quam
1140 4212 1173 4248 ex
1183 4197 1246 4251 Var-

96 4279 159 4332 ronis
175 4281 309 4351 ipsiusque
333 4281 397 4334 adeo
414 4281 539 4350 scaligeri
554 4280 654 4335 ratione
672 4280 834 4334 consulatum
851 4279 965 4348 Augusti
981 4298 1038 4336 rna
1056 4285 1082 4333 et
1097 4280 1197 4335 Silvani
1213 4282 1245 4335 cd

97 4377 185 4418 anuum
201 4364 278 4419 Urbis
290 4365 348 4419 752.
366 4366 505 4436 pertinere,
522 4365 653 4420 Iulianum
664 4383 751 4430 xtra,
766 4381 821 4436 per.
837 4365 884 4419 Iul.
899 4363 991 4431 4712,
1008 4367 1081 4436 cyclo
1099 4368 1163 4420 solis
1180 4386 1244 4434 xix,

97 4447 240 4516 iurarent,
257 4451 345 4506 indict.
355 4471 383 4506 u.
407 4451 456 4505 Est
466 4452 544 4506 etiam
555 4449 597 4504 hic
613 4467 696 4505 annus
713 4450 746 4504 ab
758 4450 863 4503 Actiaca
879 4465 969 4522 pugne
984 4453 1144 4518 tricesimus,
1160 4454 1183 4506 si
1199 4469 1244 4506 au-

98 4549 153 4588 umn
167 4537 252 4606 iprum
267 4551 371 4608 pugnae
388 4537 501 4608 primum
517 4554 646 4592 numeres.
680 4535 769 4608 Neque
784 4553 844 4590 rere
856 4537 996 4590 Actiacum
1008 4545 1101 4590 conarri
1111 4557 1173 4594 xxx.
1187 4555 1244 4594 essa

99 4617 157 4674 dixit
169 4622 304 4690 Ouuiriue,
316 4622 361 4677 sed
368 4633 429 4694 porr
439 4624 578 4678 Actiacum
589 4627 737 4688 academ,
749 4621 799 4677 hoc
809 4627 850 4678 est
860 4622 994 4678 Actiacum
1005 4639 1078 4680 xxix.
