3274 5154
1096 319 1290 418 EGEXEXVII

129 483 241 534 mtatnr
251 477 414 536 Suacmcnue
423 479 469 536 lib.
479 497 514 536 ry.
526 495 583 552 cap.
592 496 629 534 ar.
652 477 703 533 Alii
713 493 775 532 uero
792 493 826 532 ex
842 476 934 532 ecdem
945 477 1101 532 Medorum
1115 493 1197 548 grege
1208 491 1225 530 a
1235 491 1291 530 ma·

130 565 205 634 gistri
216 565 258 620 sui
269 565 402 637 impietate
417 565 552 636 paululum
565 565 735 620 desciscentes
752 562 835 624 οὐσίας
851 563 1007 628 uocabulum
1022 571 1049 616 et
1063 563 1111 618 lilii
1125 563 1153 616 iu
1170 561 1290 617 omnibus

129 650 246 722 adeoque
263 651 451 706 insubstantia
465 651 660 705 similitudinem
676 649 864 720 agnoscebant.
897 647 1011 712 Quorum
1028 648 1147 719 signiferi
1164 663 1194 700 ne
1211 648 1290 704 duces

129 741 203 790 erem
214 735 329 793 Basilius
341 737 502 807 nonanus,
515 735 643 808 Georgius
654 735 825 800 Laodicenos,
837 735 960 788 Silvanus
971 734 1114 799 Tarsensis,
1129 731 1290 804 Sophronias

128 820 397 892 Pompeiopolitenus,
408 823 527 877 Eleusine
537 821 692 892 Cyzicenus,
702 821 872 875 Macedonica
884 819 1199 890 Constantinopolitanae,
1211 824 1249 883 et,
1261 824 1291 872 ut

129 905 251 960 Secreta
273 923 304 962 ac
321 907 482 962 Soromenns
498 908 602 973 uolunt,
622 907 701 960 etiam
722 905 834 976 cyrillus
853 907 1112 976 Hierosolymitanus.
1149 905 1220 958 Haec
1239 903 1290 958 duo

128 991 242 1046 Arianae
259 999 345 1046 sectae
363 993 449 1064 capite
464 992 582 1058 inerunt,
600 1007 710 1063 qnorum
728 992 756 1045 in
773 991 894 1062 dogmate
910 993 968 1064 ipso
985 991 1112 1046 dissensio
1128 991 1290 1046 versabatur.

128 1076 217 1132 'l'ertie
226 1078 318 1132 deinde
327 1094 380 1134 ncn
389 1084 443 1132 tam
452 1093 486 1133 ex
498 1077 591 1131 erroris
603 1077 739 1142 varietate,
751 1092 831 1147 quem
843 1093 877 1130 ex
890 1077 955 1130 odiis
967 1083 994 1130 et
1002 1075 1189 1130 offensionibus
1199 1080 1292 1130 exerta

127 1161 206 1216 iactio
222 1170 274 1230 est,
286 1165 473 1219 Amcianorum
484 1163 611 1218 videlicet
644 1162 747 1216 Etenim
757 1162 867 1216 Anneius
880 1161 1054 1216 Caesariensis
1071 1178 1131 1215 cnm
1142 1162 1248 1216 Meletio
1264 1165 1292 1214 et

128 1245 226 1304 Uranie
238 1249 329 1319 Tyrio,
347 1247 473 1319 Eutychio
491 1247 745 1319 Eleutheropolitano
763 1253 790 1302 et
806 1247 863 1302 aliis
880 1247 1035 1318 quibusdam
1053 1263 1115 1302 suae
1132 1247 1187 1318 ipse
1205 1251 1291 1318 partes

127 1335 275 1400 constituit,
293 1351 323 1388 ac
341 1335 563 1390 Semieriancrurn
580 1334 689 1387 ducibus
706 1333 829 1386 aoembue
845 1334 941 1386 restitit
955 1333 982 1387 in
998 1332 1157 1388 Seleucieusi
1172 1333 1290 1389 concilio.

128 1417 177 1483 Qui
194 1420 223 1474 in
240 1437 283 1486 eo,
301 1425 331 1473 ut
348 1421 447 1492 opinor,
465 1421 498 1474 ab
510 1419 628 1473 Eudoxio
640 1419 750 1490 aliisque
760 1417 910 1490 praefractis
922 1418 1038 1472 Aitienis
1049 1418 1211 1489 discrepabat
1222 1418 1292 1489 quod

126 1504 212 1558 tilium
224 1511 368 1560 ereaturam
380 1522 449 1570 esse,
466 1510 512 1559 aut
526 1506 607 1577 petris
623 1505 776 1558 dissimilem
788 1505 836 1558 etsi
846 1503 952 1575 perinde
964 1510 1041 1576 atque
1052 1503 1091 1556 illi
1102 1503 1221 1569 sentiret,
1238 1521 1292 1558 ucu

126 1595 218 1644 umen
228 1591 308 1644 libere
320 1592 493 1662 audacterque
503 1590 674 1663 profiteretur.
695 1590 734 1644 De
745 1589 786 1645 bis
798 1591 905 1644 consule
917 1587 1051 1644 Socratem
1062 1589 1105 1643 lib.
1114 1608 1144 1644 rr.
1156 1605 1291 1660 capaxxr,

127 1682 154 1728 et
169 1676 350 1748 sequentibus.
383 1676 535 1731 Theodorei.
553 1677 597 1731 lib.
607 1693 638 1732 rr.
655 1693 710 1747 cap.
722 1693 815 1740 nvn,
831 1675 934 1730 Sonam.
950 1676 995 1730 lib.
1004 1693 1039 1730 rr.
1058 1690 1114 1746 cap.
1126 1691 1181 1730 xrr.
1200 1691 1231 1728 ac
1248 1673 1291 1728 de·

126 1761 227 1832 inceps.

196 1847 254 1900 Τῶν
263 1845 317 1917 arpi
326 1845 459 1917 Βασίλειον,
473 1846 547 1918 φημὶ,
559 1847 600 1900 καὶ
609 1845 738 1918 Γεώργιαν,
751 1845 955 1914 notaacnota]
972 1846 1047 1900 Hunc
1057 1846 1144 1916 ipsum
1155 1845 1290 1900 Siluanum

125 1931 207 1986 reisrt
217 1931 392 1986 'lbeudoretus
407 1932 452 1988 lib.
462 1951 491 1988 rr.
503 1947 558 2003 cap.
567 1950 650 1986 xxm.
667 1932 696 1984 rb
713 1930 844 2002 bpuoderos
861 1947 950 1986 coram
966 1933 1121 2002 imperatore
1138 1930 1290 1985 defendisse.

127 2017 202 2080 Quod
214 2017 289 2071 valde
300 2019 388 2073 miror.
421 2017 488 2072 Nam
505 2019 533 2072 in
550 2018 709 2072 Seleuciensi
726 2017 897 2071 conciliabulo
915 2015 984 2070 hunc
998 2033 1080 2070 unum
1091 2016 1213 2071 dvorsus
1225 2018 1290 2070 Aes·

126 2103 218 2156 αἰκιιαα
229 2103 364 2174 pertendit,
376 2109 405 2156 ut
414 2103 574 2158 Antiochenn
585 2103 697 2157 iurmnle
708 2105 868 2166 retineretur,
879 2103 916 2156 ait
927 2102 1046 2156 Socrates
1058 2101 1290 2174 lib.1r.oap.xxxrr.

126 2186 195 2252 Quid
207 2193 295 2242 autem
306 2188 334 2242 in
345 2189 433 2242 animo
444 2187 564 2242 babuerit
578 2189 601 2241 is
617 2188 662 2258 qui
675 2187 757 2240 οὖσαν
769 2187 838 2258 apud
849 2186 1038 2242 Theodoretum
1050 2204 1097 2259 pro
1108 2185 1241 2258 dpooierer
1252 2205 1290 2242 re
1316 2205 1338 2246 r·
1347 2193 1391 2238 aas.

125 2271 278 2344 ponendum
291 2276 398 2340 censuit,
410 2275 501 2329 docere
512 2275 568 2345 ipse
580 2273 709 2328 debuerat.
731 2272 797 2326 Nnnu
810 2289 862 2326 nox
873 2273 918 2326 illa
930 2271 1010 2334 οὔατος
1022 2291 1075 2327 uon
1087 2279 1128 2326 eet
1138 2273 1223 2328 nauci.

196 2357 228 2413 Oi
240 2359 294 2431 arpi
306 2359 441 2430 libidine]
468 2359 596 2431 Surrupta
607 2361 663 2414 eine
675 2359 753 2414 dubio
769 2375 854 2429 neque
865 2359 929 2413 setis
940 2360 1043 2429 integra
1053 2359 1105 2412 ieta
1115 2365 1184 2415 sunt.
1202 2358 1292 2431 Neque

126 2445 199 2498 enim
211 2445 346 2499 Eudoxias
357 2461 388 2498 ac
400 2445 529 2510 Georgius
540 2445 733 2498 Alexandrinus
751 2460 767 2498 a
778 2444 868 2498 Basilii
886 2451 932 2498 aut
943 2444 1163 2499 Samiarianorum
1174 2445 1291 2517 partibas

126 2533 237 2596 stetere,
254 2531 348 2600 quibus
366 2547 427 2584 cnm
441 2529 669 2586 vehementissime
685 2530 884 2584 contendebant
907 2529 961 2584 Nos
978 2547 1045 2602 quae
1057 2530 1151 2585 desunt
1161 2533 1189 2586 in
1200 2531 1291 2586 Latino

126 2615 316 2686 supplevimus.

196 2699 245 2752 lici
255 2699 370 2771 Οὐρανίῳ
381 2706 418 2773 τῷ
431 2701 545 2774 Τνρίῳ.],
558 2701 634 2774 Apud
651 2701 784 2756 Socratem
801 2701 905 2773 saepius
921 2701 1045 2756 Ureoce'ue
1058 2718 1105 2773 pro
1122 2703 1218 2756 Uannio
1234 2717 1291 2773 per·

125 2801 219 2858 peram
231 2787 386 2841 substitutus
398 2791 445 2844 est.

197 2872 261 2924 Τότε
273 2873 471 2924 κατασταθέντων
482 2869 538 2925 Ικαθ
551 2873 651 2942 αὐτῶν]
669 2873 731 2944 Lag.
744 2877 774 2928 ut
785 2873 861 2926 estin
874 2873 1005 2943 margine,
1016 2872 1205 2928 κατασταθέντα.
1223 2873 1290 2926 Nem

126 2957 247 3028 deposito
264 2958 292 3012 in
304 2957 464 3012 Seleuciensi
480 2959 588 3012 concilio
606 2975 621 3012 a
639 2959 737 3012 Basilio
755 2965 781 3012 et
795 2957 963 3012 Samiarianis
974 2957 1092 3012 Eudoxio
1109 2957 1233 3012 suffectus
1251 2963 1291 3012 est
1397 2955 1403 2966 '

125 3043 259 3107 Auienus,
271 3043 317 3113 qui
327 3043 360 3097 ab
373 3043 506 3098 Amcbnis
517 3061 564 3116 per
574 3045 722 3098 lauricium
735 3050 761 3098 et
771 3043 887 3098 Leonam
898 3043 925 3096 iu
937 3045 1047 3098 exilium
1057 3044 1154 3097 eiectus
1167 3049 1215 3100 est.
1243 3043 1290 3098 So·

126 3135 213 3184 ermes
225 3129 269 3182 lib.
278 3147 308 3184 rr.
320 3145 376 3199 cap.
385 3147 467 3184 rem.

198 3212 244 3266 brit
254 3212 297 3281 τὴν
309 3213 370 3284 πρὸς
383 3214 424 3266 rbr
437 3213 557 3286 lldpsllov
570 3211 680 3286 ἔχθραν]
715 3214 896 3286 Expungenda
911 3215 1017 3268 omnino
1031 3215 1146 3285 negandi
1155 3215 1290 3286 particula.

125 3300 198 3356 Nam
209 3299 351 3369 Eutychiae
363 3317 410 3371 pro
422 3317 469 3354 suo
480 3301 508 3354 in
522 3299 648 3370 Oyrillum
659 3299 718 3354 odio
735 3317 793 3355 sese
811 3301 843 3354 ad
855 3301 978 3354 Acacium
996 3301 1161 3372 aggregarit;
1178 3317 1290 3372 quocum

126 3385 257 3456 Gyrlllum
268 3385 531 3455 Hierosolymitanum
544 3387 576 3439 de
587 3387 737 3458 episcopatu
749 3387 864 3440 dimouit.

198 3470 230 3528 ll.
243 3488 304 3528 xxv.
329 3468 359 3524 Ol
372 3468 525 3532 συνελθόντες
538 3469 687 3539 detereret]
720 3472 758 3525 De
776 3471 935 3526 seleuciensi
952 3471 1136 3537 conciliabulo,
1154 3472 1224 3543 quod
1235 3473 1291 3526 dri·

125 3557 256 3612 minensis
268 3553 394 3628 ἀντίμιμον
410 3557 523 3628 appellnt
536 3556 671 3622 Socrates,
688 3557 746 3611 ride
763 3573 823 3612 curn
841 3557 974 3612 Socratem
990 3558 1088 3629 ipsum,
1104 3563 1161 3612 tum
1177 3559 1291 3630 reliquos

127 3659 223 3698 omues
235 3643 465 3697 ecclesiasticarum
476 3659 561 3696 rernm
574 3649 600 3697 et
612 3643 745 3697 annalium
756 3643 902 3714 scriptores.

199 3727 334 3782 Celebrate
344 3735 384 3782 est
394 3728 567 3782 Seleuciensie
579 3728 694 3799 synodus
712 3745 781 3782 auno
794 3727 889 3782 Christi
901 3743 1007 3784 onnnrx.
1019 3729 1130 3783 Eusebio
1143 3735 1169 3783 et
1179 3729 1291 3801 Hypatio

126 3830 199 3868 cose.
211 3828 300 3868 coram
311 3811 429 3867 Lauricio
442 3821 468 3867 et
478 3813 567 3868 Leone
579 3815 724 3880 comitibus,
737 3831 802 3885 quos
821 3815 845 3868 ei
855 3814 1028 3869 moderandae
1041 3815 1206 3869 Constantius
1216 3831 1291 3886 prae·

125 3901 236 3952 facerat.
270 3897 373 3951 Primus
388 3915 526 3954 oonmssus
537 3901 681 3954 celebratus
693 3906 733 3954 est
744 3901 815 3971 Sept
825 3917 906 3954 τινα.
919 3917 971 3970 quo
984 3899 1024 3954 dis
1036 3901 1214 3954 altereationes
1226 3902 1292 3954 exti-

126 3989 229 4050 terunt,
246 3982 316 4053 quod
333 3983 438 4037 iubente
452 3983 541 4037 Leone
557 3993 587 4038 nt
599 3985 630 4038 de
642 3985 693 4039 lide
705 3987 860 4040 sententiam
871 3986 979 4052 sonent,
997 3991 1125 4055 negarent
1141 3985 1291 4040 absentibus

126 4067 242 4134 Basilio,
259 4067 425 4134 Macedonio,
442 4067 589 4140 Petropbilo
607 4085 637 4122 se
655 4074 776 4137 caeteris,
794 4073 839 4142 qui
854 4072 923 4124 male
937 4071 987 4124 sibi
999 4072 1096 4124 conscii
1107 4077 1163 4125 tum
1176 4071 1291 4136 aberant,

128 4156 271 4226 quicquam
281 4169 359 4226 posse
372 4155 480 4210 decerni.
517 4154 569 4207 Sed
584 4155 697 4208 instante
713 4155 879 4210 nibilominus
890 4157 990 4222 Leone,
1009 4172 1066 4210 cum
1085 4156 1116 4208 de
1134 4155 1291 4226 quibusdem

129 4241 176 4310 qui
186 4241 302 4294 wensati
313 4246 388 4294 erant
396 4240 574 4311 cognitionem
585 4238 732 4294 habendam
744 4246 803 4293 ante
815 4242 930 4312 episcopi
941 4248 1091 4307 statuerent,
1102 4259 1181 4312 quam
1192 4241 1223 4295 de
1230 4241 1292 4295 fidei

129 4326 297 4396 dogmatibus
315 4333 436 4397 ageretur
453 4325 542 4396 [delati
559 4326 627 4380 enim
645 4331 719 4379 erant
733 4325 844 4394 (tyrillus
861 4327 1123 4396 Hierosolymitanus,
1140 4326 1291 4381 Euststbins

129 4411 292 4466 Sebastenus
304 4417 331 4464 et
342 4411 387 4465 alii
397 4413 535 4482 nonnulli),
545 4412 653 4483 pervicit
662 4411 767 4465 undem
778 4427 879 4476 comes,
891 4416 920 4464 ut
931 4411 962 4464 de
970 4411 1021 4464 lide
1034 4411 1209 4482 quaerendum
1219 4413 1291 4484 prius

130 4513 191 4550 esse
199 4495 336 4552 rideretur.
362 4497 401 4550 lbi
409 4497 504 4550 desolo
515 4513 610 4552 noram
623 4497 682 4550 fidei
690 4497 829 4552 formulam
841 4502 867 4550 et
880 4495 1010 4550 Nicaeuae
1021 4499 1124 4568 penitus
1136 4499 1292 4553 corbariam

130 4581 251 4636 offerenti
262 4582 385 4638 silvanus
396 4583 707 4662 caeteriqueSemiariani
719 4582 944 4637 vehementissime
955 4584 1110 4640 restiterunt.
1131 4583 1215 4648 Quare
1227 4585 1291 4638 Aca-
