3252 5158
1239 401 1312 459 coni
1331 382 1332 386 '

155 571 223 626 papa
234 554 292 608 odat
303 555 421 628 ἠρνοῦντο
432 556 475 610 ahs
487 556 578 610 liror'os
590 555 638 610 barb
650 557 786 610 Σεκούνδου
798 555 926 628 ἰσχηιίναν
937 557 980 624 τὴν
991 557 1147 612 surdotosrs.
1181 557 1233 613 sed
1244 559 1314 630 quod

154 642 222 694 inter
233 642 370 714 episeopus
382 644 415 696 ab
427 643 572 714 Epiphanio
584 643 718 709 referetur,
729 643 849 696 exeumi
859 659 912 697 nou
925 649 1017 714 potest

222 725 253 781 N.
265 745 303 784 rx.
326 725 370 789 ‘tir
382 723 424 779 οὖν
437 727 504 780 οὕτω
520 731 692 798 respuamus]
725 729 838 782 Multum
854 729 882 782 in
899 727 1006 782 historia
1021 729 1120 783 adelerii
1135 729 1237 800 lapsum
1255 745 1313 784 esse

154 827 234 882 supra
244 813 366 868 vidimus.
398 813 510 883 Largius
522 814 549 866 in
561 814 673 868 Arianae
684 814 798 868 haeresis
810 813 982 883 descriptione
992 815 1109 884 peccarit
1119 815 1157 868 ris
1169 815 1264 885 alioqui
1276 816 1313 870 di·

153 896 351 965 ligentissimus.
374 897 441 952 Num
453 914 521 968 quse
533 898 654 970 deinmps
666 899 784 970 exponit,
801 914 832 951 es
843 904 903 968 poet
912 897 1054 954 Nisasnnrn
1065 901 1202 954 conubium
1214 901 1312 954 asside·

153 988 228 1047 runt,
239 999 308 1037 anuo
321 983 470 1048 undecimo;
485 982 536 1037 heo
548 990 588 1038 est
599 982 695 1038 Christi
706 999 849 1039 occurres.
883 985 917 1038 dt
926 984 1085 1055 Epiphanius
1095 986 1186 1040 Anum
1198 995 1258 1040 suto
1268 984 1313 1040 rii-

154 1081 266 1120 saenum
278 1069 415 1122 consilinm
428 1053 572 1122 excessisse
584 1075 666 1141 putat.
700 1070 730 1124 ln
742 1085 793 1139 qno
806 1069 960 1140 scriptorum
972 1071 1086 1122 omnium
1099 1086 1228 1124 consensu
1238 1069 1313 1126 reses

152 1152 224 1206 lltnr.
242 1152 325 1206 Nimis
336 1153 400 1208 illud
412 1161 503 1208 notum
516 1159 565 1219 est,
577 1155 708 1208 uirentem
720 1153 803 1208 udhno
812 1155 902 1208 Arium
914 1153 1044 1222 aSynodo
1055 1154 1206 1208 damnatum
1218 1161 1314 1226 etpost

154 1237 256 1307 aliquot
266 1254 350 1291 annos
361 1239 467 1294 Eusebii
478 1256 557 1310 opero
568 1241 716 1294 restitutum
728 1239 954 1309 Constantinopoli
964 1245 1094 1292 mortuum
1110 1255 1175 1292 esse.
1208 1240 1248 1293 De
1258 1257 1311 1311 qno

152 1321 290 1388 Socrates,
302 1323 436 1388 anfinus,
445 1324 634 1390 Theodoretns,
647 1323 808 1380 Sosomenus
820 1329 845 1377 et
855 1329 915 1376 ante
924 1341 1015 1378 ornnes
1023 1323 1188 1378 Athanasius.
1203 1325 1245 1378 lix
1256 1326 1311 1395 qni·

153 1408 203 1461 bne
215 1408 383 1479 corrigendus
394 1409 566 1480 Epiphanius,
577 1410 622 1481 qni
634 1427 667 1464 err
679 1409 827 1464 falsissimis
839 1409 993 1480 quibusdam
1004 1411 1070 1462 estis
1082 1416 1127 1462 ant
1136 1409 1251 1464 historiis
1261 1411 1313 1464 ista

153 1493 298 1563 descripsit.
330 1493 399 1548 Suus
411 1496 595 1566 cumprimum
607 1495 795 1549 Alexandrinos
807 1495 866 1549 illos
876 1495 1002 1548 tumuitus
1019 1500 1046 1547 st
1056 1494 1111 1547 Arii
1121 1495 1312 1550 damnationem
1337 1517 1358 1556 u.
1367 1505 1412 1549 aar.

153 1578 269 1648 optimus
286 1579 430 1649 imperator
443 1581 554 1650 soospit‚
575 1581 664 1634 litores
681 1581 714 1633 ad
731 1581 907 1634 hlexsndrum
924 1585 950 1633 et
960 1580 1051 1632 Arium
1067 1579 1180 1632 seriores
1197 1580 1266 1634 dedit
1287 1587 1313 1635 et

151 1663 263 1718 llosiusu
280 1663 474 1718 Cordubensem
490 1665 675 1720 Alexandriam
692 1665 776 1728 misit,
794 1666 838 1735 qui
855 1667 981 1719 orieutsm
997 1665 1069 1718 illam
1085 1666 1225 1735 proselitus
1241 1682 1311 1720 oom-

151 1755 269 1818 poueret.
288 1748 362 1812 Quod
374 1750 418 1803 ubi
429 1750 536 1804 minime
548 1752 684 1820 processit,
695 1757 752 1803 tum
763 1750 867 1804 demum
877 1749 1019 1804 Nissensm
1030 1748 1157 1819 synodum
1169 1751 1268 1822 eoigit,
1280 1767 1311 1806 ee

151 1839 286 1903 postremo
299 1850 380 1898 anno,
393 1835 431 1886 nti
443 1835 570 1900 diximus,
587 1835 724 1888 undecimo
736 1851 753 1887 s
763 1840 867 1906 persetu
878 1834 984 1904 Synodo
995 1835 1086 1889 Arium
1098 1835 1311 1908 Constantinopo-

151 1919 199 1972 lim
216 1935 264 1989 per
280 1919 369 1972 literas
386 1922 509 1974 enotavit.
542 1921 612 1974 llaeo
629 1921 790 1991 temporibus
802 1919 1040 1974 incrementatis
1050 1936 1080 1974 ao
1090 1921 1242 1990 permiscuit
1249 1921 1311 1992 lipi-

150 2002 274 2074 phanius.

221 2088 302 2159 'Operi
314 2089 341 2142 δὲ
352 2090 422 2160 ζήλῳ
434 2089 563 2160 ἐπαρθείς]
596 2092 673 2144 adise
688 2097 730 2145 ast
745 2091 810 2144 hseu
827 2091 992 2145 Constantini
1008 2091 1042 2144 ad
1057 2091 1146 2145 Arium
1164 2097 1191 2145 st
1201 2093 1310 2148 Asinos

151 2174 270 2245 Epistola
280 2191 296 2227 a
307 2175 429 2230 liuderico
439 2177 547 2231 Morello
559 2193 628 2230 enno
641 2191 740 2231 noros.
771 2177 812 2230 Ex
823 2193 875 2246 qus
886 2176 1061 2232 emendandus
1073 2175 1115 2230 hio
1125 2176 1263 2249 Epiphanii
1273 2179 1311 2233 io·

151 2276 207 2313 ons.
241 2259 305 2330 Leg.
317 2262 405 2331 itsqns
416 2260 484 2314 huno
500 2261 645 2315 immodum
657 2262 713 2316 eius
724 2262 835 2316 initium.
872 2261 1052 2322 Κωνστοντῖνος
1063 2261 1185 2330 Σεβαστὸς
1197 2263 1310 2333 μέγιστος

152 2343 241 2415 'Apris
253 2345 294 2397 sel
305 2342 437 2416 Ἀρνιανοῖς
448 2363 515 2416 quse
526 2355 567 2400 est
577 2346 719 2418 inscriptio.
741 2347 840 2400 Deinde
851 2345 932 2408 Kss'oe
944 2345 1057 2417 lppqssle
1070 2345 1217 2418 αὐτόχρημα
1228 2354 1276 2402 eto.

221 2425 283 2501 Ἀγε
295 2429 325 2497 δὴ
338 2427 407 2491 bibet
420 2427 518 2502 'Apsse.]
542 2431 612 2486 Corr.
626 2449 660 2486 ex
672 2430 762 2486 sudem
773 2432 889 2503 Epistola
900 2427 969 2504 Ἄρις
981 2428 1069 2502 'Apum

220 2515 252 2568 hl.
264 2533 290 2569 x.
314 2513 434 2576 Ἀποδοὺς
446 2515 522 2568 αὐτοῦ
534 2513 564 2568 τὰ
575 2515 654 2584 sila]
679 2515 745 2582 itis,
756 2516 798 2572 hio
809 2535 856 2588 pro
868 2522 992 2572 intestinis
1002 2523 1148 2571 sumuntur.

221 2599 252 2653 N.
264 2619 301 2656 ur.
325 2598 368 2653 Ἐν
381 2606 417 2672 τῷ
430 2601 498 2672 αὐτῷ
510 2599 556 2654 ἔτει
567 2602 689 2669 reseras]
724 2601 843 2673 Quinque
858 2603 992 2657 mensibus
1007 2610 1068 2674 post
1081 2603 1223 2658 Nisaensm
1233 2622 1311 2676 syno-

151 2685 228 2749 dnm,
240 2685 278 2738 ait
288 2684 413 2741 Athenas.
425 2688 498 2756 Apol
508 2705 536 2741 rr.
550 2695 577 2739 et
588 2687 773 2744 Theodoretus.
808 2687 860 2742 Sed
878 2703 944 2758 qnae
960 2687 991 2741 de
1003 2689 1151 2742 Aiexsndro
1162 2705 1311 2744 susoessose

151 2775 207 2822 tam
219 2769 269 2823 hoo
280 2771 336 2824 loeo
349 2787 428 2841 quarn
438 2772 465 2824 in
477 2773 608 2842 superiore
616 2770 718 2844 haeresi
729 2789 800 2826 num.
809 2791 844 2826 vr.
855 2779 944 2826 narrat
952 2770 1126 2843 Epiphanius,
1136 2791 1196 2828 oum
1204 2773 1312 2830 historie

151 2855 225 2908 nullo
249 2854 325 2908 modo
349 2857 520 2910 consentiunt
554 2857 609 2911 llos
626 2859 696 2911 enim
712 2863 816 2911 constat
831 2863 932 2911 mortuo
950 2858 1097 2912 Alexandro
1114 2860 1213 2913 nubum
1229 2861 1310 2914 elium

152 2939 311 2994 obssessisse
334 2949 433 3010 praeter
453 2939 639 3006 Athanasium,
663 2943 741 3013 idque
758 2943 890 2996 communi
906 2942 1024 2996 omnium
1040 2943 1159 2996 ordinum
1179 2945 1312 3000 voluntate

68 3053 71 3056 ·
152 3041 185 3078 as
202 3024 342 3096 suffragi03
360 3026 398 3078 nti
415 3025 539 3096 synodico
551 3013 720 3080 hieirandrini
737 3043 874 3081 consessus
892 3027 1001 3097 epistola
1011 3033 1121 3081 tsstutnr
1135 3030 1204 3098 apud
1215 3030 1310 3086 hthsu.

152 3109 229 3181 Apol.
241 3127 269 3164 rr.
291 3110 396 3164 Frustra
406 3112 487 3180 igitur
497 3110 657 3182 Epiphanius
669 3111 796 3166 Achillam
808 3113 954 3165 Alexandro
966 3112 1137 3183 subrogatum
1149 3113 1218 3168 dieis
1240 3115 1308 3168 Nam

151 3201 214 3266 post
230 3194 333 3250 Petrum
350 3197 440 3249 sedem
455 3197 528 3250 illam
545 3198 629 3251 tenuit
645 3204 671 3250 et
687 3213 864 3250 suscessorem
881 3196 971 3250 hebuit
988 3197 1177 3263 Alexandrum,
1194 3199 1310 3272 seditque

152 3297 254 3334 annm
275 3281 402 3334 duntaxat
422 3297 517 3348 muns,
537 3290 566 3336 ut
584 3281 744 3354 Nicephorns
763 3283 791 3336 iu
808 3281 934 3335 Chronico
955 3283 1066 3352 scripsit.
1099 3285 1134 3337 At
1149 3284 1309 3356 Epiphanius

151 3365 283 3431 debilius,
298 3367 343 3436 qui
358 3373 418 3436 post
429 3367 606 3427 Alexandrum
623 3365 782 3420 sssthoiiois
793 3365 947 3420 substitutus
959 3372 1011 3431 eet,
1029 3384 1131 3422 menses
1148 3371 1238 3426 tribuit
1248 3379 1309 3436 tres,

151 3451 297 3521 eodemque
308 3459 424 3522 ternpore
435 3451 569 3506 Theouarn
585 3469 601 3506 a
616 3453 762 3506 Meletianis
780 3451 926 3506 ordinatum
943 3453 1048 3519 asserit,
1065 3455 1134 3524 quod
1151 3471 1227 3510 nemo
1244 3457 1309 3510 slius

152 3536 274 3606 prodidit

222 3619 290 3676 'Euri
302 3617 344 3674 obe
355 3619 468 3683 ἐλθόντος
481 3620 643 3692 Ἀθαναοίου]
677 3622 761 3678 Nimis
772 3622 933 3694 impudenter
944 3629 970 3676 et
981 3631 1097 3694 proterve
1109 3625 1270 3680 Camerarius
1281 3627 1309 3681 iu

151 3707 302 3778 Appendioe
319 3707 352 3760 ad
368 3706 506 3779 Nicephori
516 3706 660 3762 Chronioon
678 3708 709 3761 de
721 3706 864 3762 Athanasio
881 3725 958 3762 sunm
975 3710 1116 3780 interponit
1131 3711 1266 3776 iudicium,
1283 3717 1310 3765 et

151 3807 304 3864 quanquam
320 3793 421 3863 ingenti
437 3793 524 3846 aninlo
540 3793 655 3846 raritatis
671 3794 844 3864 patrocinium
861 3795 1008 3865 suseepisss
1024 3795 1143 3861 labatur,
1160 3797 1219 3866 pius
1235 3797 1309 3852 ilium

152 3887 243 3932 temen
254 3893 333 3947 quam
344 3884 472 3948 oporteret
483 3879 537 3931 suis
553 3878 691 3932 indulsisse
708 3879 892 3950 cupiditatibus
909 3887 935 3934 ot
949 3893 1024 3932 saera
1038 3879 1153 3949 proisnis
1169 3881 1308 3950 aliquando

152 3964 292 4016 miseniess
303 3963 383 4016 dooet.
419 3962 482 4026 Quis
493 3961 653 4018 Lutherunss
666 3964 730 4016 istae
741 3963 827 4017 fusses
839 3970 942 4018 tantum
952 3965 1003 4018 sibi
1014 3963 1137 4019 audaciae
1148 3981 1250 4020 sumere
1261 3968 1308 4022 mi·

151 4058 224 4102 retur
235 4048 411 4118 potiusquam
424 4049 557 4102 communi
567 4049 670 4117 pietatis
683 4049 787 4102 nornine
799 4055 968 4102 succenseat?

220 4131 252 4186 N.
265 4149 312 4188 xer.
343 4133 389 4184 Καὶ
401 4131 476 4184 αὐτοῦ
488 4130 515 4184 bl
526 4136 569 4184 τοῦ
582 4129 771 4200 intersertos]
806 4133 896 4187 Simile
907 4134 967 4187 huie
985 4151 1016 4188 eo
1028 4136 1105 4204 louge
1117 4137 1195 4190 etiem
1206 4135 1309 4192 honori-

152 4206 275 4272 lloon'tius
292 4224 318 4271 st
335 4217 438 4272 uberius
456 4218 571 4272 eiusdem
588 4219 750 4288 imperatoris
767 4219 881 4288 elogium
899 4226 972 4272 extat
988 4219 1056 4290 apud
1073 4220 1264 4274 Nuisnsenum
1281 4223 1308 4274 in

152 4303 239 4373 priore
255 4301 440 4373 osqiururssdsq
458 4302 528 4373 quod
545 4303 656 4356 oratorio
673 4319 745 4356 mors
763 4318 793 4355 ae
811 4303 912 4357 deensi
928 4305 1025 4375 impetu
1040 4311 1067 4358 et
1077 4305 1163 4359 calore
1173 4305 1308 4376 profusum

152 4388 241 4457 magia
252 4403 330 4457 quam
342 4403 376 4442 ex
387 4389 425 4441 rei
435 4387 542 4442 reduto
552 4387 694 4458 poisatum
706 4387 814 4442 vidum.

220 4471 253 4526 N.
265 4490 322 4528 mr.
346 4473 462 4542 Δεύτερον
474 4469 508 4524 ἔτι
519 4470 648 4543 teleptae]
682 4471 740 4526 Non
751 4474 784 4526 sb
796 4472 921 4538 Eusebio,
937 4474 983 4526 sed
993 4473 1026 4527 ab
1038 4474 1170 4539 Eudoxio,
1185 4476 1230 4546 qui
1241 4475 1307 4530 Con·

152 4557 412 4628 stantinopoiitanam
424 4558 512 4612 sedern
528 4564 675 4628 occuparet,
691 4559 836 4628 baptizatus
852 4559 1003 4613 estVsiens.
1037 4559 1120 4624 Quare
1131 4577 1177 4630 pro
1190 4561 1307 4630 Εὖοεβῑον

152 4641 344 4713 1ος.Εὒὸοξίον.
