<?xml version="1.0" encoding="UTF-8"?>
<!DOCTYPE html PUBLIC "-//W3C//DTD XHTML 1.0 Transitional//EN"
    "http://www.w3.org/TR/xhtml1/DTD/xhtml1-transitional.dtd">
<html xmlns="http://www.w3.org/1999/xhtml" xml:lang="en" lang="en">
 <head>
  <title>
</title>
<meta http-equiv="Content-Type" content="text/html;charset=utf-8" />
  <meta name='ocr-system' content='tesseract 3.04.00' />
  <meta name='ocr-capabilities' content='ocr_page ocr_carea ocr_par ocr_line ocrx_word'/>
</head>
<body>
  <div class='ocr_page' id='page_1' title='image "./corporishaerese03unkngoog_0145.png"; bbox 0 0 3216 5152; ppageno 0'>
   <div class='ocr_carea' id='block_1_1' title="bbox 343 359 423 417">
    <p class='ocr_par' dir='ltr' id='par_1_1' title="bbox 343 359 423 417">
     <span class='ocr_line' id='line_1_1' title="bbox 343 359 423 417; baseline 0 0"><span class='ocrx_word' id='word_1_1' title='bbox 343 359 423 417; x_wconf 85' lang='lat' dir='ltr'>XXII</span> 
     </span>
    </p>
   </div>
   <div class='ocr_carea' id='block_1_2' title="bbox 343 514 1488 1099">
    <p class='ocr_par' dir='ltr' id='par_1_2' title="bbox 344 514 1484 672">
     <span class='ocr_line' id='line_1_2' title="bbox 344 514 1484 586; baseline 0.002 -16"><span class='ocrx_word' id='word_1_2' title='bbox 344 533 404 570; x_wconf 89' lang='lat' dir='ltr'><strong>cum</strong></span> <span class='ocrx_word' id='word_1_3' title='bbox 415 516 442 570; x_wconf 90' lang='lat' dir='ltr'><strong>id</strong></span> <span class='ocrx_word' id='word_1_4' title='bbox 458 515 551 570; x_wconf 88' lang='lat' dir='ltr'><strong>diserte</strong></span> <span class='ocrx_word' id='word_1_5' title='bbox 562 515 607 571; x_wconf 92' lang='lat' dir='ltr'><strong>lib.</strong></span> <span class='ocrx_word' id='word_1_6' title='bbox 621 533 638 568; x_wconf 88' lang='grc' dir='ltr'><strong>ι.</strong></span> <span class='ocrx_word' id='word_1_7' title='bbox 650 515 747 570; x_wconf 84' lang='lat' dir='ltr'><strong>Esdrae</strong></span> <span class='ocrx_word' id='word_1_8' title='bbox 759 529 815 586; x_wconf 87' lang='lat' dir='ltr'><strong>cap.</strong></span> <span class='ocrx_word' id='word_1_9' title='bbox 827 531 866 580; x_wconf 84' lang='lat' dir='ltr'><strong>ru,</strong></span> <span class='ocrx_word' id='word_1_10' title='bbox 881 515 893 568; x_wconf 93' lang='lat'>1</span> <span class='ocrx_word' id='word_1_11' title='bbox 907 519 933 569; x_wconf 88' lang='lat' dir='ltr'><strong>et</strong></span> <span class='ocrx_word' id='word_1_12' title='bbox 944 514 968 569; x_wconf 76' lang='grc'><strong>2.</strong></span> <span class='ocrx_word' id='word_1_13' title='bbox 981 514 1113 586; x_wconf 76' lang='lat' dir='ltr'>Scriptura</span> <span class='ocrx_word' id='word_1_14' title='bbox 1124 518 1241 570; x_wconf 77' lang='lat' dir='ltr'><strong>testetur.</strong></span> <span class='ocrx_word' id='word_1_15' title='bbox 1268 514 1321 570; x_wconf 84' lang='lat' dir='ltr'><strong>Sed</strong></span> <span class='ocrx_word' id='word_1_16' title='bbox 1332 529 1363 568; x_wconf 89' lang='lat' dir='ltr'><strong>ea</strong></span> <span class='ocrx_word' id='word_1_17' title='bbox 1372 514 1484 572; x_wconf 80' lang='grc' dir='ltr'>δοπετίιι</span> 
     </span>
     <span class='ocr_line' id='line_1_3' title="bbox 345 601 741 672; baseline 0.005 -16"><span class='ocrx_word' id='word_1_18' title='bbox 345 603 372 656; x_wconf 94' lang='lat' dir='ltr'><strong>in</strong></span> <span class='ocrx_word' id='word_1_19' title='bbox 383 602 520 656; x_wconf 84' lang='lat' dir='ltr'><strong>hlineruali</strong></span> <span class='ocrx_word' id='word_1_20' title='bbox 531 601 584 656; x_wconf 90' lang='lat' dir='ltr'><strong>iam</strong></span> <span class='ocrx_word' id='word_1_21' title='bbox 596 602 741 672; x_wconf 81' lang='lat' dir='ltr'><strong>occuparit.</strong></span> 
     </span>
    </p>

    <p class='ocr_par' dir='ltr' id='par_1_3' title="bbox 343 684 1488 1099">
     <span class='ocr_line' id='line_1_4' title="bbox 411 684 1485 758; baseline 0.004 -20"><span class='ocrx_word' id='word_1_22' title='bbox 411 685 596 757; x_wconf 79' lang='grc' dir='ltr'>Ἐπετρὰπησαν</span> <span class='ocrx_word' id='word_1_23' title='bbox 609 684 650 738; x_wconf 83' lang='grc' dir='ltr'><strong>ὑπ’</strong></span> <span class='ocrx_word' id='word_1_24' title='bbox 663 686 760 755; x_wconf 66' lang='grc' dir='ltr'>αὐτοῖς]</span> <span class='ocrx_word' id='word_1_25' title='bbox 777 687 857 740; x_wconf 88' lang='lat' dir='ltr'><strong>Deest</strong></span> <span class='ocrx_word' id='word_1_26' title='bbox 866 687 989 756; x_wconf 82' lang='lat' dir='ltr'><strong>negativa</strong></span> <span class='ocrx_word' id='word_1_27' title='bbox 1000 687 1141 756; x_wconf 86' lang='lat' dir='ltr'><strong>particula,</strong></span> <span class='ocrx_word' id='word_1_28' title='bbox 1153 687 1222 756; x_wconf 87' lang='lat' dir='ltr'><strong>quud</strong></span> <span class='ocrx_word' id='word_1_29' title='bbox 1233 688 1276 740; x_wconf 80' lang='lat' dir='ltr'><strong>uei</strong></span> <span class='ocrx_word' id='word_1_30' title='bbox 1286 687 1439 742; x_wconf 77' lang='lat' dir='ltr'><strong>mediocriter</strong></span> <span class='ocrx_word' id='word_1_31' title='bbox 1448 705 1485 758; x_wconf 81' lang='lat' dir='ltr'><strong>pe</strong></span> 
     </span>
     <span class='ocr_line' id='line_1_5' title="bbox 343 770 1487 843; baseline 0.001 -17"><span class='ocrx_word' id='word_1_32' title='bbox 343 773 408 826; x_wconf 89' lang='lat' dir='ltr'><strong>ritus</strong></span> <span class='ocrx_word' id='word_1_33' title='bbox 424 772 628 826; x_wconf 84' lang='lat' dir='ltr'><strong>animaduertere</strong></span> <span class='ocrx_word' id='word_1_34' title='bbox 644 774 737 843; x_wconf 91' lang='lat' dir='ltr'><strong>potuit.</strong></span> <span class='ocrx_word' id='word_1_35' title='bbox 765 770 826 826; x_wconf 90' lang='lat' dir='ltr'><strong>ldeo</strong></span> <span class='ocrx_word' id='word_1_36' title='bbox 843 771 940 826; x_wconf 85' lang='lat' dir='ltr'><strong>frustra</strong></span> <span class='ocrx_word' id='word_1_37' title='bbox 950 771 998 826; x_wconf 86' lang='lat' dir='ltr'><strong>bac</strong></span> <span class='ocrx_word' id='word_1_38' title='bbox 1009 772 1037 826; x_wconf 91' lang='lat' dir='ltr'><strong>in</strong></span> <span class='ocrx_word' id='word_1_39' title='bbox 1048 778 1122 842; x_wconf 88' lang='lat' dir='ltr'><strong>parte</strong></span> <span class='ocrx_word' id='word_1_40' title='bbox 1133 773 1264 826; x_wconf 87' lang='lat' dir='ltr'><strong>calumnia</strong></span> <span class='ocrx_word' id='word_1_41' title='bbox 1275 773 1381 826; x_wconf 85' lang='lat' dir='ltr'><strong>struitur</strong></span> <span class='ocrx_word' id='word_1_42' title='bbox 1390 771 1487 843; x_wconf 70' lang='lat' dir='ltr'><strong>Epiphn</strong></span> 
     </span>
     <span class='ocr_line' id='line_1_6' title="bbox 343 856 1486 928; baseline 0.001 -17"><span class='ocrx_word' id='word_1_43' title='bbox 343 859 387 912; x_wconf 91' lang='lat' dir='ltr'><strong>nio</strong></span> <span class='ocrx_word' id='word_1_44' title='bbox 406 858 434 911; x_wconf 91' lang='lat' dir='ltr'><strong>iu</strong></span> <span class='ocrx_word' id='word_1_45' title='bbox 451 856 563 912; x_wconf 84' lang='lat' dir='ltr'><strong>lileneho</strong></span> <span class='ocrx_word' id='word_1_46' title='bbox 579 857 766 928; x_wconf 81' lang='lat' dir='ltr'><strong>Scaligeriauo,</strong></span> <span class='ocrx_word' id='word_1_47' title='bbox 788 858 864 928; x_wconf 88' lang='lat' dir='ltr'><strong>quasi</strong></span> <span class='ocrx_word' id='word_1_48' title='bbox 885 862 976 910; x_wconf 77' lang='lat' dir='ltr'><strong>conus</strong></span> <span class='ocrx_word' id='word_1_49' title='bbox 990 857 1151 927; x_wconf 86' lang='lat' dir='ltr'><strong>Scripturam</strong></span> <span class='ocrx_word' id='word_1_50' title='bbox 1171 858 1266 912; x_wconf 82' lang='lat' dir='ltr'><strong>dixerit</strong></span> <span class='ocrx_word' id='word_1_51' title='bbox 1282 857 1449 912; x_wconf 83' lang='lat' dir='ltr'><strong>Samaritanus</strong></span> <span class='ocrx_word' id='word_1_52' title='bbox 1463 861 1486 912; x_wconf 91' lang='lat' dir='ltr'><strong>in</strong></span> 
     </span>
     <span class='ocr_line' id='line_1_7' title="bbox 343 941 1488 1026; baseline 0.002 -30"><span class='ocrx_word' id='word_1_53' title='bbox 343 945 553 1026; x_wconf 76' lang='lat' dir='ltr'><strong>communionem</strong></span> <span class='ocrx_word' id='word_1_54' title='bbox 571 945 655 1014; x_wconf 90' lang='lat' dir='ltr'><strong>operis</strong></span> <span class='ocrx_word' id='word_1_55' title='bbox 672 943 809 997; x_wconf 84' lang='lat' dir='ltr'><strong>admissos.</strong></span> <span class='ocrx_word' id='word_1_56' title='bbox 837 941 905 997; x_wconf 89' lang='lat' dir='ltr'><strong>Nam</strong></span> <span class='ocrx_word' id='word_1_57' title='bbox 921 949 948 995; x_wconf 92' lang='lat' dir='ltr'><strong>et</strong></span> <span class='ocrx_word' id='word_1_58' title='bbox 962 941 1043 1007; x_wconf 83' lang='lat' dir='ltr'><strong>inira,</strong></span> <span class='ocrx_word' id='word_1_59' title='bbox 1064 959 1125 997; x_wconf 87' lang='lat' dir='ltr'><strong>curn</strong></span> <span class='ocrx_word' id='word_1_60' title='bbox 1142 942 1173 998; x_wconf 93' lang='lat' dir='ltr'><strong>de</strong></span> <span class='ocrx_word' id='word_1_61' title='bbox 1190 943 1315 998; x_wconf 84' lang='lat' dir='ltr'><strong>Sebuaeis</strong></span> <span class='ocrx_word' id='word_1_62' title='bbox 1331 943 1396 1014; x_wconf 88' lang='lat' dir='ltr'><strong>agit,</strong></span> <span class='ocrx_word' id='word_1_63' title='bbox 1411 945 1488 998; x_wconf 77' lang='lat' dir='ltr'><strong>scribit</strong></span> 
     </span>
     <span class='ocr_line' id='line_1_8' title="bbox 344 1028 1053 1099; baseline -0.006 -13"><span class='ocrx_word' id='word_1_64' title='bbox 344 1029 442 1086; x_wconf 77' lang='lat' dir='ltr'><strong>Esdrae</strong></span> <span class='ocrx_word' id='word_1_65' title='bbox 454 1029 513 1084; x_wconf 85' lang='lat' dir='ltr'><strong>iilos</strong></span> <span class='ocrx_word' id='word_1_66' title='bbox 526 1029 584 1084; x_wconf 92' lang='lat' dir='ltr'><strong>odic</strong></span> <span class='ocrx_word' id='word_1_67' title='bbox 596 1030 663 1083; x_wconf 86' lang='lat' dir='ltr'><strong>leste</strong></span> <span class='ocrx_word' id='word_1_68' title='bbox 674 1045 724 1085; x_wconf 86' lang='lat' dir='ltr'><strong>aua</strong></span> <span class='ocrx_word' id='word_1_69' title='bbox 734 1035 899 1099; x_wconf 87' lang='lat' dir='ltr'><strong>praepostere</strong></span> <span class='ocrx_word' id='word_1_70' title='bbox 911 1028 1053 1082; x_wconf 76' lang='lat' dir='ltr'><strong>ordinasse.</strong></span> 
     </span>
    </p>
   </div>
   <div class='ocr_carea' id='block_1_3' title="bbox 681 1181 1167 1238">
    <p class='ocr_par' dir='ltr' id='par_1_4' title="bbox 681 1181 1167 1238">
     <span class='ocr_line' id='line_1_9' title="bbox 681 1181 1167 1238; baseline -0.004 0"><span class='ocrx_word' id='word_1_71' title='bbox 681 1183 727 1237; x_wconf 81' lang='lat' dir='ltr'><strong>AD</strong></span> <span class='ocrx_word' id='word_1_72' title='bbox 745 1181 975 1238; x_wconf 77' lang='lat' dir='ltr'><strong>SEBUAEORUM</strong></span> <span class='ocrx_word' id='word_1_73' title='bbox 991 1182 1167 1237; x_wconf 80' lang='lat' dir='ltr'><strong>lIAllRllSlN.</strong></span> 
     </span>
    </p>
   </div>
   <div class='ocr_carea' id='block_1_4' title="bbox 271 1283 1497 4689">
    <p class='ocr_par' dir='ltr' id='par_1_5' title="bbox 271 1283 1494 3406">
     <span class='ocr_line' id='line_1_10' title="bbox 410 1283 1490 1358; baseline 0 -18"><span class='ocrx_word' id='word_1_74' title='bbox 410 1287 563 1342; x_wconf 88' lang='lat' dir='ltr'><strong>lebussaeos</strong></span> <span class='ocrx_word' id='word_1_75' title='bbox 584 1301 719 1358; x_wconf 89' lang='lat' dir='ltr'><strong>perperam</strong></span> <span class='ocrx_word' id='word_1_76' title='bbox 736 1287 893 1340; x_wconf 89' lang='lat' dir='ltr'><strong>Damasceni</strong></span> <span class='ocrx_word' id='word_1_77' title='bbox 914 1285 1017 1340; x_wconf 87' lang='lat' dir='ltr'><strong>codices</strong></span> <span class='ocrx_word' id='word_1_78' title='bbox 1038 1284 1142 1341; x_wconf 85' lang='lat' dir='ltr'><strong>hahent.</strong></span> <span class='ocrx_word' id='word_1_79' title='bbox 1175 1286 1230 1340; x_wconf 84' lang='lat' dir='ltr'><strong>llos</strong></span> <span class='ocrx_word' id='word_1_80' title='bbox 1247 1287 1280 1340; x_wconf 91' lang='lat' dir='ltr'><strong>ab</strong></span> <span class='ocrx_word' id='word_1_81' title='bbox 1297 1283 1421 1340; x_wconf 83' lang='lat' dir='ltr'><strong>liebraica</strong></span> <span class='ocrx_word' id='word_1_82' title='bbox 1434 1301 1490 1340; x_wconf 75' lang='lat' dir='ltr'><strong>seeo</strong></span> 
     </span>
     <span class='ocr_line' id='line_1_11' title="bbox 343 1359 1490 1443; baseline -0.002 -17"><span class='ocrx_word' id='word_1_83' title='bbox 343 1359 447 1442; x_wconf 49' lang='lat' dir='ltr'><strong>siniti,</strong></span> <span class='ocrx_word' id='word_1_84' title='bbox 461 1389 527 1443; x_wconf 87' lang='lat' dir='ltr'><strong>quae</strong></span> <span class='ocrx_word' id='word_1_85' title='bbox 538 1371 728 1426; x_wconf 73' lang='lat' dir='ltr'><strong>hebdomadem</strong></span> <span class='ocrx_word' id='word_1_86' title='bbox 739 1371 879 1442; x_wconf 87' lang='lat' dir='ltr'><strong>significat,</strong></span> <span class='ocrx_word' id='word_1_87' title='bbox 891 1371 1033 1442; x_wconf 88' lang='lat' dir='ltr'><strong>appellatos</strong></span> <span class='ocrx_word' id='word_1_88' title='bbox 1044 1375 1186 1437; x_wconf 56' lang='lat' dir='ltr'><strong>trebiam,</strong></span> <span class='ocrx_word' id='word_1_89' title='bbox 1199 1373 1275 1442; x_wconf 87' lang='lat' dir='ltr'><strong>quasi</strong></span> <span class='ocrx_word' id='word_1_90' title='bbox 1285 1369 1442 1442; x_wconf 79' lang='grc' dir='ltr'>ἑβδομαδίτας</span> <span class='ocrx_word' id='word_1_91' title='bbox 1453 1389 1490 1424; x_wconf 82' lang='lat' dir='ltr'><strong>ee·</strong></span> 
     </span>
     <span class='ocr_line' id='line_1_12' title="bbox 342 1456 1489 1528; baseline -0.002 -16"><span class='ocrx_word' id='word_1_92' title='bbox 342 1459 450 1512; x_wconf 69' lang='lat' dir='ltr'><strong>rhimile</strong></span> <span class='ocrx_word' id='word_1_93' title='bbox 468 1466 521 1523; x_wconf 85' lang='lat' dir='ltr'><strong>est,</strong></span> <span class='ocrx_word' id='word_1_94' title='bbox 539 1457 607 1528; x_wconf 90' lang='lat' dir='ltr'><strong>quod</strong></span> <span class='ocrx_word' id='word_1_95' title='bbox 623 1473 683 1528; x_wconf 90' lang='lat' dir='ltr'><strong>pag.</strong></span> <span class='ocrx_word' id='word_1_96' title='bbox 696 1457 753 1513; x_wconf 78' lang='lat'>218.</span> <span class='ocrx_word' id='word_1_97' title='bbox 769 1459 797 1511; x_wconf 93' lang='lat' dir='ltr'><strong>in</strong></span> <span class='ocrx_word' id='word_1_98' title='bbox 812 1457 882 1528; x_wconf 82' lang='lat' dir='ltr'><strong>leeg.</strong></span> <span class='ocrx_word' id='word_1_99' title='bbox 895 1456 992 1512; x_wconf 80' lang='lat' dir='ltr'><strong>Canon.</strong></span> <span class='ocrx_word' id='word_1_100' title='bbox 1005 1457 1096 1511; x_wconf 81' lang='lat' dir='ltr'><strong>scribit</strong></span> <span class='ocrx_word' id='word_1_101' title='bbox 1106 1456 1231 1526; x_wconf 86' lang='lat' dir='ltr'><strong>Scaliger.</strong></span> <span class='ocrx_word' id='word_1_102' title='bbox 1261 1457 1313 1510; x_wconf 88' lang='lat' dir='ltr'><strong>Sed</strong></span> <span class='ocrx_word' id='word_1_103' title='bbox 1324 1458 1353 1510; x_wconf 89' lang='lat' dir='ltr'><strong>iu</strong></span> <span class='ocrx_word' id='word_1_104' title='bbox 1363 1459 1489 1510; x_wconf 81' lang='lat' dir='ltr'><strong>eiusroeis</strong></span> 
     </span>
     <span class='ocr_line' id='line_1_13' title="bbox 343 1539 1490 1612; baseline -0.001 -15"><span class='ocrx_word' id='word_1_105' title='bbox 343 1543 473 1597; x_wconf 89' lang='lat' dir='ltr'><strong>reddenda</strong></span> <span class='ocrx_word' id='word_1_106' title='bbox 487 1545 587 1596; x_wconf 91' lang='lat' dir='ltr'><strong>ratione</strong></span> <span class='ocrx_word' id='word_1_107' title='bbox 603 1543 655 1597; x_wconf 92' lang='lat' dir='ltr'><strong>sibi</strong></span> <span class='ocrx_word' id='word_1_108' title='bbox 670 1560 723 1596; x_wconf 92' lang='lat' dir='ltr'><strong>uon</strong></span> <span class='ocrx_word' id='word_1_109' title='bbox 740 1547 849 1598; x_wconf 88' lang='lat' dir='ltr'><strong>constat.</strong></span> <span class='ocrx_word' id='word_1_110' title='bbox 879 1542 946 1596; x_wconf 89' lang='lat' dir='ltr'><strong>Nam</strong></span> <span class='ocrx_word' id='word_1_111' title='bbox 958 1543 986 1596; x_wconf 91' lang='lat' dir='ltr'><strong>iu</strong></span> <span class='ocrx_word' id='word_1_112' title='bbox 997 1559 1028 1595; x_wconf 92' lang='lat' dir='ltr'><strong>eo</strong></span> <span class='ocrx_word' id='word_1_113' title='bbox 1039 1543 1096 1595; x_wconf 91' lang='lat' dir='ltr'><strong>loco</strong></span> <span class='ocrx_word' id='word_1_114' title='bbox 1108 1542 1200 1595; x_wconf 87' lang='lat' dir='ltr'><strong>iccirco</strong></span> <span class='ocrx_word' id='word_1_115' title='bbox 1212 1539 1374 1612; x_wconf 70' lang='grc' dir='ltr'>ἑβδομαδέτας</span> <span class='ocrx_word' id='word_1_116' title='bbox 1386 1544 1490 1596; x_wconf 84' lang='lat' dir='ltr'><strong>nomina·</strong></span> 
     </span>
     <span class='ocr_line' id='line_1_14' title="bbox 345 1625 1489 1700; baseline 0 -20"><span class='ocrx_word' id='word_1_117' title='bbox 345 1634 385 1681; x_wconf 89' lang='lat' dir='ltr'><strong>tos</strong></span> <span class='ocrx_word' id='word_1_118' title='bbox 397 1634 483 1699; x_wconf 87' lang='lat' dir='ltr'><strong>putat,</strong></span> <span class='ocrx_word' id='word_1_119' title='bbox 496 1629 559 1700; x_wconf 84' lang='lat' dir='ltr'><strong>qula</strong></span> <span class='ocrx_word' id='word_1_120' title='bbox 570 1645 674 1684; x_wconf 86' lang='lat' dir='ltr'><strong>omnem</strong></span> <span class='ocrx_word' id='word_1_121' title='bbox 692 1628 803 1699; x_wconf 77' lang='grc' dir='ltr'>δευτέραν</span> <span class='ocrx_word' id='word_1_122' title='bbox 821 1629 870 1679; x_wconf 83' lang='grc' dir='ltr'><strong>τῶν</strong></span> <span class='ocrx_word' id='word_1_123' title='bbox 883 1625 944 1680; x_wconf 77' lang='grc' dir='ltr'>ἑπτὰ</span> <span class='ocrx_word' id='word_1_124' title='bbox 959 1631 1001 1694; x_wconf 77' lang='grc' dir='ltr'><strong>τῆς</strong></span> <span class='ocrx_word' id='word_1_125' title='bbox 1013 1631 1175 1694; x_wconf 81' lang='grc' dir='ltr'>πεντηκοστῆς</span> <span class='ocrx_word' id='word_1_126' title='bbox 1187 1625 1331 1697; x_wconf 77' lang='grc' dir='ltr'><strong>ἑβδομάδων</strong></span> <span class='ocrx_word' id='word_1_127' title='bbox 1344 1627 1431 1682; x_wconf 85' lang='lat' dir='ltr'><strong>eadem</strong></span> <span class='ocrx_word' id='word_1_128' title='bbox 1441 1630 1489 1680; x_wconf 86' lang='lat' dir='ltr'><strong>reli·</strong></span> 
     </span>
     <span class='ocr_line' id='line_1_15' title="bbox 343 1710 1490 1784; baseline -0.001 -17"><span class='ocrx_word' id='word_1_129' title='bbox 343 1715 420 1783; x_wconf 88' lang='lat' dir='ltr'><strong>gione</strong></span> <span class='ocrx_word' id='word_1_130' title='bbox 433 1731 486 1784; x_wconf 88' lang='lat' dir='ltr'><strong>que,</strong></span> <span class='ocrx_word' id='word_1_131' title='bbox 495 1715 581 1784; x_wconf 89' lang='lat' dir='ltr'><strong>ipsum</strong></span> <span class='ocrx_word' id='word_1_132' title='bbox 593 1717 756 1780; x_wconf 76' lang='grc' dir='ltr'>πεντηκοστῆς</span> <span class='ocrx_word' id='word_1_133' title='bbox 768 1714 836 1766; x_wconf 72' lang='grc' dir='ltr'>δίοιτο</span> <span class='ocrx_word' id='word_1_134' title='bbox 848 1713 946 1767; x_wconf 88' lang='lat' dir='ltr'><strong>colunt.</strong></span> <span class='ocrx_word' id='word_1_135' title='bbox 963 1713 1066 1765; x_wconf 81' lang='lat' dir='ltr'><strong>Etenim</strong></span> <span class='ocrx_word' id='word_1_136' title='bbox 1079 1717 1107 1782; x_wconf 81' lang='grc' dir='ltr'><strong>τῇ</strong></span> <span class='ocrx_word' id='word_1_137' title='bbox 1120 1710 1219 1784; x_wconf 68' lang='grc' dir='ltr'>δευτέρᾳ</span> <span class='ocrx_word' id='word_1_138' title='bbox 1231 1715 1279 1764; x_wconf 86' lang='grc' dir='ltr'><strong>τῶν</strong></span> <span class='ocrx_word' id='word_1_139' title='bbox 1291 1710 1404 1783; x_wconf 74' lang='grc' dir='ltr'>’λζιλροιν</span> <span class='ocrx_word' id='word_1_140' title='bbox 1416 1713 1490 1778; x_wconf 84' lang='lat' dir='ltr'><strong>Omer,</strong></span> 
     </span>
     <span class='ocr_line' id='line_1_16' title="bbox 344 1797 1490 1870; baseline 0 -18"><span class='ocrx_word' id='word_1_141' title='bbox 344 1800 399 1853; x_wconf 84' lang='lat' dir='ltr'><strong>siue</strong></span> <span class='ocrx_word' id='word_1_142' title='bbox 410 1800 585 1870; x_wconf 89' lang='lat' dir='ltr'><strong>manipulum,</strong></span> <span class='ocrx_word' id='word_1_143' title='bbox 602 1798 758 1864; x_wconf 84' lang='lat' dir='ltr'><strong>offerebant;</strong></span> <span class='ocrx_word' id='word_1_144' title='bbox 774 1815 790 1851; x_wconf 83' lang='lat' dir='ltr'><strong>a</strong></span> <span class='ocrx_word' id='word_1_145' title='bbox 802 1815 854 1869; x_wconf 92' lang='lat' dir='ltr'><strong>qua</strong></span> <span class='ocrx_word' id='word_1_146' title='bbox 866 1798 906 1852; x_wconf 92' lang='lat' dir='ltr'><strong>die</strong></span> <span class='ocrx_word' id='word_1_147' title='bbox 919 1799 1028 1851; x_wconf 85' lang='lat' dir='ltr'><strong>sabbata</strong></span> <span class='ocrx_word' id='word_1_148' title='bbox 1039 1798 1139 1863; x_wconf 89' lang='lat' dir='ltr'><strong>emula,</strong></span> <span class='ocrx_word' id='word_1_149' title='bbox 1157 1813 1223 1868; x_wconf 87' lang='lat' dir='ltr'><strong>quae</strong></span> <span class='ocrx_word' id='word_1_150' title='bbox 1234 1797 1267 1850; x_wconf 84' lang='lat' dir='ltr'><strong>ad</strong></span> <span class='ocrx_word' id='word_1_151' title='bbox 1277 1798 1444 1854; x_wconf 80' lang='lat' dir='ltr'><strong>Pentecosten</strong></span> <span class='ocrx_word' id='word_1_152' title='bbox 1454 1817 1490 1852; x_wconf 91' lang='lat' dir='ltr'><strong>us·</strong></span> 
     </span>
     <span class='ocr_line' id='line_1_17' title="bbox 344 1883 1491 1955; baseline -0.002 -17"><span class='ocrx_word' id='word_1_153' title='bbox 344 1900 394 1954; x_wconf 86' lang='lat' dir='ltr'><strong>que</strong></span> <span class='ocrx_word' id='word_1_154' title='bbox 410 1885 598 1955; x_wconf 82' lang='lat' dir='ltr'><strong>sequebantur,</strong></span> <span class='ocrx_word' id='word_1_155' title='bbox 618 1901 715 1938; x_wconf 89' lang='lat' dir='ltr'><strong>nomeu</strong></span> <span class='ocrx_word' id='word_1_156' title='bbox 735 1885 899 1949; x_wconf 91' lang='lat' dir='ltr'><strong>obtinebant,</strong></span> <span class='ocrx_word' id='word_1_157' title='bbox 920 1889 985 1954; x_wconf 89' lang='lat' dir='ltr'><strong>puta</strong></span> <span class='ocrx_word' id='word_1_158' title='bbox 1001 1883 1210 1953; x_wconf 77' lang='lat' dir='ltr'><strong>deurepdueeprou,</strong></span> <span class='ocrx_word' id='word_1_159' title='bbox 1232 1884 1450 1954; x_wconf 77' lang='grc' dir='ltr'>δευτεροδεύτερον,</span> <span class='ocrx_word' id='word_1_160' title='bbox 1469 1892 1491 1938; x_wconf 90' lang='lat' dir='ltr'><strong>et</strong></span> 
     </span>
     <span class='ocr_line' id='line_1_18' title="bbox 285 1968 1490 2042; baseline -0.002 -18"><span class='ocrx_word' id='word_1_161' title='bbox 285 1977 289 1988; x_wconf 87' lang='lat'><strong><em>¹</em></strong></span> <span class='ocrx_word' id='word_1_162' title='bbox 343 1978 458 2036; x_wconf 89' lang='lat' dir='ltr'><strong>caetera,</strong></span> <span class='ocrx_word' id='word_1_163' title='bbox 475 1977 506 2024; x_wconf 91' lang='lat' dir='ltr'><strong>ut</strong></span> <span class='ocrx_word' id='word_1_164' title='bbox 521 1971 585 2024; x_wconf 90' lang='lat' dir='ltr'><strong>alibi</strong></span> <span class='ocrx_word' id='word_1_165' title='bbox 601 1971 753 2042; x_wconf 87' lang='lat' dir='ltr'><strong>disputatur.</strong></span> <span class='ocrx_word' id='word_1_166' title='bbox 782 1969 939 2024; x_wconf 88' lang='lat' dir='ltr'><strong>Samaritani</strong></span> <span class='ocrx_word' id='word_1_167' title='bbox 954 1968 1138 2039; x_wconf 64' lang='lat' dir='ltr'><strong>euroauster&lt;</strong></span> <span class='ocrx_word' id='word_1_168' title='bbox 1152 1970 1490 2039; x_wconf 81' lang='lat' dir='ltr'><strong>appellabantumnesdeiu·</strong></span> 
     </span>
     <span class='ocr_line' id='line_1_19' title="bbox 271 2054 1490 2128; baseline 0.002 -23"><span class='ocrx_word' id='word_1_169' title='bbox 271 2095 276 2105; x_wconf 95' lang='lat'><em>.</em></span> <span class='ocrx_word' id='word_1_170' title='bbox 311 2093 316 2106; x_wconf 95' lang='lat'>.</span> <span class='ocrx_word' id='word_1_171' title='bbox 343 2073 403 2128; x_wconf 88' lang='lat' dir='ltr'><strong>ceps</strong></span> <span class='ocrx_word' id='word_1_172' title='bbox 415 2059 469 2110; x_wconf 89' lang='lat' dir='ltr'><strong>dies</strong></span> <span class='ocrx_word' id='word_1_173' title='bbox 481 2073 548 2127; x_wconf 91' lang='lat' dir='ltr'><strong>quae</strong></span> <span class='ocrx_word' id='word_1_174' title='bbox 559 2058 587 2110; x_wconf 92' lang='lat' dir='ltr'><strong>in</strong></span> <span class='ocrx_word' id='word_1_175' title='bbox 598 2056 707 2110; x_wconf 90' lang='lat' dir='ltr'><strong>eandem</strong></span> <span class='ocrx_word' id='word_1_176' title='bbox 718 2055 810 2110; x_wconf 73' lang='lat' dir='ltr'><strong>temam</strong></span> <span class='ocrx_word' id='word_1_177' title='bbox 821 2054 994 2108; x_wconf 88' lang='lat' dir='ltr'><strong>incurruntin</strong></span> <span class='ocrx_word' id='word_1_178' title='bbox 1007 2071 1058 2124; x_wconf 88' lang='lat' dir='ltr'><strong>qua</strong></span> <span class='ocrx_word' id='word_1_179' title='bbox 1069 2060 1125 2108; x_wconf 90' lang='lat' dir='ltr'><strong>erat</strong></span> <span class='ocrx_word' id='word_1_180' title='bbox 1136 2054 1247 2124; x_wconf 66' lang='grc' dir='ltr'>δευτέρας</span> <span class='ocrx_word' id='word_1_181' title='bbox 1265 2057 1302 2109; x_wconf 88' lang='lat' dir='ltr'><strong>ite</strong></span> <span class='ocrx_word' id='word_1_182' title='bbox 1312 2061 1344 2108; x_wconf 90' lang='lat' dir='ltr'><strong>ut</strong></span> <span class='ocrx_word' id='word_1_183' title='bbox 1355 2057 1419 2110; x_wconf 91' lang='lat' dir='ltr'><strong>inter</strong></span> <span class='ocrx_word' id='word_1_184' title='bbox 1430 2057 1490 2108; x_wconf 90' lang='lat' dir='ltr'><strong>obla-</strong></span> 
     </span>
     <span class='ocr_line' id='line_1_20' title="bbox 342 2139 1492 2210; baseline 0 -15"><span class='ocrx_word' id='word_1_185' title='bbox 342 2143 441 2197; x_wconf 91' lang='lat' dir='ltr'><strong>tionem</strong></span> <span class='ocrx_word' id='word_1_186' title='bbox 453 2142 530 2196; x_wconf 90' lang='lat' dir='ltr'><strong>Omer</strong></span> <span class='ocrx_word' id='word_1_187' title='bbox 547 2148 573 2195; x_wconf 90' lang='lat' dir='ltr'><strong>et</strong></span> <span class='ocrx_word' id='word_1_188' title='bbox 589 2143 696 2196; x_wconf 89' lang='lat' dir='ltr'><strong>solenne</strong></span> <span class='ocrx_word' id='word_1_189' title='bbox 707 2142 871 2196; x_wconf 88' lang='lat' dir='ltr'><strong>Pentecostes</strong></span> <span class='ocrx_word' id='word_1_190' title='bbox 882 2141 1017 2195; x_wconf 88' lang='lat' dir='ltr'><strong>incurrant</strong></span> <span class='ocrx_word' id='word_1_191' title='bbox 1026 2145 1126 2209; x_wconf 86' lang='lat' dir='ltr'><strong>septem</strong></span> <span class='ocrx_word' id='word_1_192' title='bbox 1138 2139 1253 2210; x_wconf 73' lang='lat' dir='ltr'><strong>heordpen.</strong></span> <span class='ocrx_word' id='word_1_193' title='bbox 1281 2141 1348 2194; x_wconf 83' lang='lat' dir='ltr'><strong>Vide</strong></span> <span class='ocrx_word' id='word_1_194' title='bbox 1359 2147 1455 2194; x_wconf 81' lang='lat' dir='ltr'><strong>caetera</strong></span> <span class='ocrx_word' id='word_1_195' title='bbox 1467 2143 1492 2196; x_wconf 92' lang='lat' dir='ltr'><strong>iu</strong></span> 
     </span>
     <span class='ocr_line' id='line_1_21' title="bbox 343 2225 1490 2299; baseline -0.001 -18"><span class='ocrx_word' id='word_1_196' title='bbox 343 2230 437 2299; x_wconf 89' lang='lat' dir='ltr'><strong>quihus</strong></span> <span class='ocrx_word' id='word_1_197' title='bbox 454 2226 567 2298; x_wconf 69' lang='grc' dir='ltr'>δευτέρας</span> <span class='ocrx_word' id='word_1_198' title='bbox 582 2228 707 2299; x_wconf 85' lang='lat' dir='ltr'><strong>appellari</strong></span> <span class='ocrx_word' id='word_1_199' title='bbox 723 2227 897 2296; x_wconf 77' lang='lat' dir='ltr'><strong>celebrarique</strong></span> <span class='ocrx_word' id='word_1_200' title='bbox 913 2225 1040 2280; x_wconf 76' lang='lat' dir='ltr'><strong>duntaxat</strong></span> <span class='ocrx_word' id='word_1_201' title='bbox 1055 2225 1113 2278; x_wconf 88' lang='lat' dir='ltr'><strong>illas</strong></span> <span class='ocrx_word' id='word_1_202' title='bbox 1134 2240 1150 2277; x_wconf 86' lang='lat' dir='ltr'><strong>a</strong></span> <span class='ocrx_word' id='word_1_203' title='bbox 1170 2225 1342 2280; x_wconf 86' lang='lat' dir='ltr'><strong>Samaritanis</strong></span> <span class='ocrx_word' id='word_1_204' title='bbox 1363 2227 1490 2297; x_wconf 79' lang='lat' dir='ltr'><strong>significet,</strong></span> 
     </span>
     <span class='ocr_line' id='line_1_22' title="bbox 343 2309 1492 2383; baseline -0.003 -17"><span class='ocrx_word' id='word_1_205' title='bbox 343 2330 409 2383; x_wconf 86' lang='lat' dir='ltr'><strong>quae</strong></span> <span class='ocrx_word' id='word_1_206' title='bbox 425 2313 458 2366; x_wconf 89' lang='lat' dir='ltr'><strong>ad</strong></span> <span class='ocrx_word' id='word_1_207' title='bbox 473 2313 656 2377; x_wconf 85' lang='lat' dir='ltr'><strong>Pentecosten,</strong></span> <span class='ocrx_word' id='word_1_208' title='bbox 672 2313 726 2366; x_wconf 78' lang='lat' dir='ltr'><strong>sive</strong></span> <span class='ocrx_word' id='word_1_209' title='bbox 743 2317 853 2377; x_wconf 61' lang='lat' dir='ltr'><strong>mli,</strong></span> <span class='ocrx_word' id='word_1_210' title='bbox 869 2311 1018 2364; x_wconf 83' lang='lat' dir='ltr'><strong>succedunt</strong></span> <span class='ocrx_word' id='word_1_211' title='bbox 1053 2309 1127 2364; x_wconf 85' lang='lat' dir='ltr'><strong>Unde</strong></span> <span class='ocrx_word' id='word_1_212' title='bbox 1143 2310 1283 2379; x_wconf 72' lang='grc' dir='ltr'>σεβουαὶους</span> <span class='ocrx_word' id='word_1_213' title='bbox 1299 2319 1328 2365; x_wconf 88' lang='lat' dir='ltr'><strong>et</strong></span> <span class='ocrx_word' id='word_1_214' title='bbox 1343 2309 1492 2381; x_wconf 64' lang='lat' dir='ltr'><strong>{perperisse</strong></span> 
     </span>
     <span class='ocr_line' id='line_1_23' title="bbox 343 2395 1491 2468; baseline -0.005 -16"><span class='ocrx_word' id='word_1_215' title='bbox 343 2399 392 2452; x_wconf 93' lang='lat' dir='ltr'><strong>dici</strong></span> <span class='ocrx_word' id='word_1_216' title='bbox 404 2399 583 2452; x_wconf 76' lang='lat' dir='ltr'><strong>Samaritanus</strong></span> <span class='ocrx_word' id='word_1_217' title='bbox 595 2415 612 2452; x_wconf 89' lang='lat' dir='ltr'><strong>a</strong></span> <span class='ocrx_word' id='word_1_218' title='bbox 622 2398 723 2452; x_wconf 90' lang='lat' dir='ltr'><strong>ludaeis</strong></span> <span class='ocrx_word' id='word_1_219' title='bbox 736 2397 840 2463; x_wconf 88' lang='lat' dir='ltr'><strong>asserit,</strong></span> <span class='ocrx_word' id='word_1_220' title='bbox 857 2397 926 2468; x_wconf 91' lang='lat' dir='ltr'><strong>quod</strong></span> <span class='ocrx_word' id='word_1_221' title='bbox 937 2413 1042 2450; x_wconf 90' lang='lat' dir='ltr'><strong>omnem</strong></span> <span class='ocrx_word' id='word_1_222' title='bbox 1054 2395 1165 2466; x_wconf 83' lang='grc' dir='ltr'>δευτέραν</span> <span class='ocrx_word' id='word_1_223' title='bbox 1183 2399 1232 2448; x_wconf 83' lang='grc' dir='ltr'><strong>τῶν</strong></span> <span class='ocrx_word' id='word_1_224' title='bbox 1248 2395 1310 2448; x_wconf 78' lang='grc' dir='ltr'>ἑπτὰ</span> <span class='ocrx_word' id='word_1_225' title='bbox 1326 2401 1370 2463; x_wconf 72' lang='grc' dir='ltr'><strong>τῆς</strong></span> <span class='ocrx_word' id='word_1_226' title='bbox 1387 2415 1491 2462; x_wconf 79' lang='grc' dir='ltr'>πεντηκο-</span> 
     </span>
     <span class='ocr_line' id='line_1_24' title="bbox 343 2481 1491 2554; baseline -0.001 -19"><span class='ocrx_word' id='word_1_227' title='bbox 343 2490 401 2550; x_wconf 77' lang='grc' dir='ltr'>στῆς</span> <span class='ocrx_word' id='word_1_228' title='bbox 413 2481 558 2554; x_wconf 78' lang='grc' dir='ltr'>ἑβδομάδων</span> <span class='ocrx_word' id='word_1_229' title='bbox 570 2482 660 2538; x_wconf 87' lang='lat' dir='ltr'><strong>eedem</strong></span> <span class='ocrx_word' id='word_1_230' title='bbox 672 2483 797 2552; x_wconf 83' lang='lat' dir='ltr'><strong>religione</strong></span> <span class='ocrx_word' id='word_1_231' title='bbox 808 2499 860 2552; x_wconf 90' lang='lat' dir='ltr'><strong>qua</strong></span> <span class='ocrx_word' id='word_1_232' title='bbox 870 2483 957 2552; x_wconf 89' lang='lat' dir='ltr'><strong>ipsum</strong></span> <span class='ocrx_word' id='word_1_233' title='bbox 969 2487 1131 2548; x_wconf 75' lang='grc' dir='ltr'>πεντηκοστῆς</span> <span class='ocrx_word' id='word_1_234' title='bbox 1143 2481 1211 2535; x_wconf 70' lang='lat' dir='ltr'><strong>dem</strong></span> <span class='ocrx_word' id='word_1_235' title='bbox 1224 2483 1319 2537; x_wconf 89' lang='lat' dir='ltr'><strong>colunt.</strong></span> <span class='ocrx_word' id='word_1_236' title='bbox 1349 2485 1385 2536; x_wconf 79' lang='lat' dir='ltr'><strong>At</strong></span> <span class='ocrx_word' id='word_1_237' title='bbox 1395 2483 1459 2536; x_wconf 88' lang='lat' dir='ltr'><strong>idem</strong></span> <span class='ocrx_word' id='word_1_238' title='bbox 1468 2483 1491 2534; x_wconf 91' lang='lat' dir='ltr'><strong>iu</strong></span> 
     </span>
     <span class='ocr_line' id='line_1_25' title="bbox 343 2565 1492 2639; baseline -0.002 -17"><span class='ocrx_word' id='word_1_239' title='bbox 343 2568 455 2622; x_wconf 85' lang='lat' dir='ltr'><strong>Eleucho</strong></span> <span class='ocrx_word' id='word_1_240' title='bbox 467 2569 622 2622; x_wconf 87' lang='lat' dir='ltr'><strong>&#39;lrihaeresii</strong></span> <span class='ocrx_word' id='word_1_241' title='bbox 633 2585 688 2639; x_wconf 87' lang='lat' dir='ltr'><strong>cap.</strong></span> <span class='ocrx_word' id='word_1_242' title='bbox 701 2586 719 2624; x_wconf 90' lang='lat' dir='ltr'><strong>r.</strong></span> <span class='ocrx_word' id='word_1_243' title='bbox 732 2568 865 2622; x_wconf 87' lang='lat' dir='ltr'><strong>Sehuaeos</strong></span> <span class='ocrx_word' id='word_1_244' title='bbox 877 2568 914 2621; x_wconf 87' lang='lat' dir='ltr'><strong>ait</strong></span> <span class='ocrx_word' id='word_1_245' title='bbox 924 2567 1020 2637; x_wconf 89' lang='lat' dir='ltr'><strong>septies</strong></span> <span class='ocrx_word' id='word_1_246' title='bbox 1031 2567 1059 2620; x_wconf 91' lang='lat' dir='ltr'><strong>iu</strong></span> <span class='ocrx_word' id='word_1_247' title='bbox 1071 2581 1140 2620; x_wconf 93' lang='lat' dir='ltr'><strong>anno</strong></span> <span class='ocrx_word' id='word_1_248' title='bbox 1151 2565 1321 2622; x_wconf 85' lang='lat' dir='ltr'><strong>Pentecosten</strong></span> <span class='ocrx_word' id='word_1_249' title='bbox 1333 2569 1492 2631; x_wconf 84' lang='lat' dir='ltr'><strong>instaurasse,</strong></span> 
     </span>
     <span class='ocr_line' id='line_1_26' title="bbox 342 2651 1493 2724; baseline -0.001 -17"><span class='ocrx_word' id='word_1_250' title='bbox 342 2655 453 2724; x_wconf 87' lang='lat' dir='ltr'><strong>indeque</strong></span> <span class='ocrx_word' id='word_1_251' title='bbox 468 2654 567 2708; x_wconf 88' lang='lat' dir='ltr'><strong>iactum</strong></span> <span class='ocrx_word' id='word_1_252' title='bbox 583 2660 612 2706; x_wconf 90' lang='lat' dir='ltr'><strong>ut</strong></span> <span class='ocrx_word' id='word_1_253' title='bbox 628 2655 656 2708; x_wconf 92' lang='lat' dir='ltr'><strong>iu</strong></span> <span class='ocrx_word' id='word_1_254' title='bbox 667 2659 833 2717; x_wconf 87' lang='lat' dir='ltr'><strong>autumnum,</strong></span> <span class='ocrx_word' id='word_1_255' title='bbox 850 2654 877 2706; x_wconf 94' lang='lat' dir='ltr'><strong>in</strong></span> <span class='ocrx_word' id='word_1_256' title='bbox 889 2652 991 2706; x_wconf 84' lang='lat' dir='ltr'><strong>hiemen</strong></span> <span class='ocrx_word' id='word_1_257' title='bbox 1003 2657 1029 2705; x_wconf 90' lang='lat' dir='ltr'><strong>et</strong></span> <span class='ocrx_word' id='word_1_258' title='bbox 1039 2653 1067 2704; x_wconf 92' lang='lat' dir='ltr'><strong>in</strong></span> <span class='ocrx_word' id='word_1_259' title='bbox 1077 2667 1122 2705; x_wconf 84' lang='lat' dir='ltr'><strong>ver</strong></span> <span class='ocrx_word' id='word_1_260' title='bbox 1133 2651 1269 2717; x_wconf 89' lang='lat' dir='ltr'><strong>incideret;</strong></span> <span class='ocrx_word' id='word_1_261' title='bbox 1284 2661 1421 2724; x_wconf 86' lang='lat' dir='ltr'><strong>propterea</strong></span> <span class='ocrx_word' id='word_1_262' title='bbox 1431 2652 1493 2724; x_wconf 86' lang='lat' dir='ltr'><strong>qued</strong></span> 
     </span>
     <span class='ocr_line' id='line_1_27' title="bbox 342 2738 1493 2810; baseline 0.001 -19"><span class='ocrx_word' id='word_1_263' title='bbox 342 2738 392 2792; x_wconf 89' lang='lat' dir='ltr'><strong>hoc</strong></span> <span class='ocrx_word' id='word_1_264' title='bbox 403 2740 461 2792; x_wconf 90' lang='lat' dir='ltr'><strong>locu</strong></span> <span class='ocrx_word' id='word_1_265' title='bbox 472 2739 563 2793; x_wconf 84' lang='lat' dir='ltr'><strong>scribit</strong></span> <span class='ocrx_word' id='word_1_266' title='bbox 572 2739 732 2810; x_wconf 79' lang='lat' dir='ltr'><strong>Epiphanius</strong></span> <span class='ocrx_word' id='word_1_267' title='bbox 743 2739 912 2793; x_wconf 86' lang='lat' dir='ltr'><strong>Pentecosten</strong></span> <span class='ocrx_word' id='word_1_268' title='bbox 924 2739 982 2792; x_wconf 89' lang='lat' dir='ltr'><strong>illos</strong></span> <span class='ocrx_word' id='word_1_269' title='bbox 993 2738 1021 2790; x_wconf 90' lang='lat' dir='ltr'><strong>iu</strong></span> <span class='ocrx_word' id='word_1_270' title='bbox 1033 2743 1157 2792; x_wconf 89' lang='lat' dir='ltr'><strong>autumno</strong></span> <span class='ocrx_word' id='word_1_271' title='bbox 1175 2738 1330 2802; x_wconf 83' lang='lat' dir='ltr'><strong>celebrasse,</strong></span> <span class='ocrx_word' id='word_1_272' title='bbox 1347 2756 1401 2792; x_wconf 93' lang='lat' dir='ltr'><strong>nen</strong></span> <span class='ocrx_word' id='word_1_273' title='bbox 1416 2739 1493 2792; x_wconf 87' lang='lat' dir='ltr'><strong>solum</strong></span> 
     </span>
     <span class='ocr_line' id='line_1_28' title="bbox 342 2820 1493 2895; baseline 0.001 -18"><span class='ocrx_word' id='word_1_274' title='bbox 342 2824 369 2877; x_wconf 92' lang='lat' dir='ltr'><strong>id</strong></span> <span class='ocrx_word' id='word_1_275' title='bbox 385 2831 523 2889; x_wconf 89' lang='lat' dir='ltr'><strong>autumno,</strong></span> <span class='ocrx_word' id='word_1_276' title='bbox 539 2825 586 2878; x_wconf 89' lang='lat' dir='ltr'><strong>sed</strong></span> <span class='ocrx_word' id='word_1_277' title='bbox 600 2827 628 2878; x_wconf 90' lang='lat' dir='ltr'><strong>in</strong></span> <span class='ocrx_word' id='word_1_278' title='bbox 645 2829 755 2895; x_wconf 89' lang='lat' dir='ltr'><strong>quatuor</strong></span> <span class='ocrx_word' id='word_1_279' title='bbox 772 2825 834 2878; x_wconf 90' lang='lat' dir='ltr'><strong>anni</strong></span> <span class='ocrx_word' id='word_1_280' title='bbox 846 2825 960 2877; x_wconf 88' lang='lat' dir='ltr'><strong>articulis</strong></span> <span class='ocrx_word' id='word_1_281' title='bbox 972 2823 1065 2894; x_wconf 84' lang='lat' dir='ltr'><strong>egisse.</strong></span> <span class='ocrx_word' id='word_1_282' title='bbox 1100 2820 1175 2886; x_wconf 85' lang='lat' dir='ltr'><strong>Quod</strong></span> <span class='ocrx_word' id='word_1_283' title='bbox 1186 2830 1227 2876; x_wconf 92' lang='lat' dir='ltr'><strong>est</strong></span> <span class='ocrx_word' id='word_1_284' title='bbox 1238 2824 1396 2893; x_wconf 73' lang='lat' dir='ltr'><strong>aenigmatis</strong></span> <span class='ocrx_word' id='word_1_285' title='bbox 1407 2824 1493 2878; x_wconf 87' lang='lat' dir='ltr'><strong>ehuile.</strong></span> 
     </span>
     <span class='ocr_line' id='line_1_29' title="bbox 343 2909 1494 2979; baseline -0.002 -15"><span class='ocrx_word' id='word_1_286' title='bbox 343 2909 478 2972; x_wconf 85' lang='lat' dir='ltr'><strong>Quomodo</strong></span> <span class='ocrx_word' id='word_1_287' title='bbox 490 2911 559 2964; x_wconf 90' lang='lat' dir='ltr'><strong>enim</strong></span> <span class='ocrx_word' id='word_1_288' title='bbox 570 2911 738 2964; x_wconf 89' lang='lat' dir='ltr'><strong>Pentecosten</strong></span> <span class='ocrx_word' id='word_1_289' title='bbox 750 2910 777 2962; x_wconf 91' lang='lat' dir='ltr'><strong>in</strong></span> <span class='ocrx_word' id='word_1_290' title='bbox 795 2913 905 2979; x_wconf 90' lang='lat' dir='ltr'><strong>quatuor</strong></span> <span class='ocrx_word' id='word_1_291' title='bbox 916 2909 978 2962; x_wconf 92' lang='lat' dir='ltr'><strong>anni</strong></span> <span class='ocrx_word' id='word_1_292' title='bbox 988 2909 1148 2978; x_wconf 89' lang='lat' dir='ltr'><strong>temporibus</strong></span> <span class='ocrx_word' id='word_1_293' title='bbox 1160 2909 1353 2976; x_wconf 86' lang='lat' dir='ltr'><strong>instaurabant,</strong></span> <span class='ocrx_word' id='word_1_294' title='bbox 1371 2910 1431 2964; x_wconf 89' lang='lat' dir='ltr'><strong>siin</strong></span> <span class='ocrx_word' id='word_1_295' title='bbox 1442 2925 1494 2979; x_wconf 86' lang='lat' dir='ltr'><strong>spa·</strong></span> 
     </span>
     <span class='ocr_line' id='line_1_30' title="bbox 342 2990 1493 3065; baseline -0.002 -17"><span class='ocrx_word' id='word_1_296' title='bbox 342 2997 379 3049; x_wconf 91' lang='lat' dir='ltr'><strong>tic</strong></span> <span class='ocrx_word' id='word_1_297' title='bbox 395 2997 439 3049; x_wconf 88' lang='lat' dir='ltr'><strong>iiio</strong></span> <span class='ocrx_word' id='word_1_298' title='bbox 455 3001 571 3060; x_wconf 88' lang='lat' dir='ltr'><strong>tautum,</strong></span> <span class='ocrx_word' id='word_1_299' title='bbox 588 2994 657 3065; x_wconf 91' lang='lat' dir='ltr'><strong>quod</strong></span> <span class='ocrx_word' id='word_1_300' title='bbox 674 2996 706 3049; x_wconf 92' lang='lat' dir='ltr'><strong>ab</strong></span> <span class='ocrx_word' id='word_1_301' title='bbox 724 2994 801 3048; x_wconf 90' lang='lat' dir='ltr'><strong>Omer</strong></span> <span class='ocrx_word' id='word_1_302' title='bbox 817 2995 850 3048; x_wconf 90' lang='lat' dir='ltr'><strong>ad</strong></span> <span class='ocrx_word' id='word_1_303' title='bbox 866 2995 1035 3048; x_wconf 89' lang='lat' dir='ltr'><strong>Pentecosten</strong></span> <span class='ocrx_word' id='word_1_304' title='bbox 1051 2994 1198 3058; x_wconf 89' lang='lat' dir='ltr'><strong>intercedit,</strong></span> <span class='ocrx_word' id='word_1_305' title='bbox 1216 2990 1257 3055; x_wconf 78' lang='grc' dir='ltr'><strong>τὰς</strong></span> <span class='ocrx_word' id='word_1_306' title='bbox 1273 2993 1387 3064; x_wconf 68' lang='grc' dir='ltr'>δευτέρας</span> <span class='ocrx_word' id='word_1_307' title='bbox 1403 3003 1493 3064; x_wconf 83' lang='lat' dir='ltr'><strong>septen</strong></span> 
     </span>
     <span class='ocr_line' id='line_1_31' title="bbox 342 3077 1494 3148; baseline -0.002 -14"><span class='ocrx_word' id='word_1_308' title='bbox 342 3081 422 3134; x_wconf 81' lang='lat' dir='ltr'><strong>festas</strong></span> <span class='ocrx_word' id='word_1_309' title='bbox 439 3097 469 3134; x_wconf 86' lang='lat' dir='ltr'><strong>ec</strong></span> <span class='ocrx_word' id='word_1_310' title='bbox 485 3082 604 3136; x_wconf 87' lang='lat' dir='ltr'><strong>solennes</strong></span> <span class='ocrx_word' id='word_1_311' title='bbox 620 3081 759 3136; x_wconf 84' lang='lat' dir='ltr'><strong>ducerent?</strong></span> <span class='ocrx_word' id='word_1_312' title='bbox 780 3080 889 3134; x_wconf 87' lang='lat' dir='ltr'><strong>Drusiua</strong></span> <span class='ocrx_word' id='word_1_313' title='bbox 906 3097 923 3132; x_wconf 91' lang='lat' dir='ltr'><strong>a</strong></span> <span class='ocrx_word' id='word_1_314' title='bbox 938 3077 1046 3144; x_wconf 85' lang='lat' dir='ltr'><strong>Sebaia,</strong></span> <span class='ocrx_word' id='word_1_315' title='bbox 1065 3080 1185 3148; x_wconf 90' lang='lat' dir='ltr'><strong>quicum</strong></span> <span class='ocrx_word' id='word_1_316' title='bbox 1202 3079 1233 3132; x_wconf 70' lang='lat' dir='ltr'><strong>lt</strong></span> <span class='ocrx_word' id='word_1_317' title='bbox 1244 3077 1357 3132; x_wconf 84' lang='lat' dir='ltr'><strong>Doethai</strong></span> <span class='ocrx_word' id='word_1_318' title='bbox 1371 3081 1406 3134; x_wconf 84' lang='lat' dir='ltr'><strong>ad</strong></span> <span class='ocrx_word' id='word_1_319' title='bbox 1419 3095 1494 3135; x_wconf 82' lang='lat' dir='ltr'><strong>noros</strong></span> 
     </span>
     <span class='ocr_line' id='line_1_32' title="bbox 343 3163 1494 3236; baseline -0.003 -16"><span class='ocrx_word' id='word_1_320' title='bbox 343 3167 476 3220; x_wconf 84' lang='lat' dir='ltr'><strong>Samariae</strong></span> <span class='ocrx_word' id='word_1_321' title='bbox 492 3167 632 3236; x_wconf 90' lang='lat' dir='ltr'><strong>inquilinos</strong></span> <span class='ocrx_word' id='word_1_322' title='bbox 649 3165 801 3220; x_wconf 90' lang='lat' dir='ltr'><strong>erudiendos</strong></span> <span class='ocrx_word' id='word_1_323' title='bbox 818 3182 852 3218; x_wconf 86' lang='lat' dir='ltr'><strong>ex</strong></span> <span class='ocrx_word' id='word_1_324' title='bbox 863 3166 970 3235; x_wconf 74' lang='lat' dir='ltr'><strong>Assyria</strong></span> <span class='ocrx_word' id='word_1_325' title='bbox 980 3166 1074 3218; x_wconf 89' lang='lat' dir='ltr'><strong>missus</strong></span> <span class='ocrx_word' id='word_1_326' title='bbox 1087 3171 1139 3230; x_wconf 87' lang='lat' dir='ltr'><strong>est,</strong></span> <span class='ocrx_word' id='word_1_327' title='bbox 1151 3163 1255 3219; x_wconf 75' lang='lat' dir='ltr'><strong>derivat.</strong></span> <span class='ocrx_word' id='word_1_328' title='bbox 1285 3165 1425 3220; x_wconf 89' lang='lat' dir='ltr'><strong>Probabile</strong></span> <span class='ocrx_word' id='word_1_329' title='bbox 1435 3171 1494 3218; x_wconf 87' lang='lat' dir='ltr'><strong>esta</strong></span> 
     </span>
     <span class='ocr_line' id='line_1_33' title="bbox 343 3247 1493 3321; baseline -0.002 -17"><span class='ocrx_word' id='word_1_330' title='bbox 343 3259 447 3316; x_wconf 62' lang='lat' dir='ltr'><strong>stuzas,</strong></span> <span class='ocrx_word' id='word_1_331' title='bbox 460 3251 486 3304; x_wconf 95' lang='lat' dir='ltr'><strong>id</strong></span> <span class='ocrx_word' id='word_1_332' title='bbox 498 3257 538 3304; x_wconf 90' lang='lat' dir='ltr'><strong>est</strong></span> <span class='ocrx_word' id='word_1_333' title='bbox 548 3251 720 3317; x_wconf 83' lang='lat' dir='ltr'><strong>hebdomade,</strong></span> <span class='ocrx_word' id='word_1_334' title='bbox 732 3251 813 3304; x_wconf 91' lang='lat' dir='ltr'><strong>dictos</strong></span> <span class='ocrx_word' id='word_1_335' title='bbox 826 3267 896 3316; x_wconf 88' lang='lat' dir='ltr'><strong>esse,</strong></span> <span class='ocrx_word' id='word_1_336' title='bbox 909 3250 991 3321; x_wconf 91' lang='lat' dir='ltr'><strong>quod,</strong></span> <span class='ocrx_word' id='word_1_337' title='bbox 1003 3255 1033 3304; x_wconf 91' lang='lat' dir='ltr'><strong>ut</strong></span> <span class='ocrx_word' id='word_1_338' title='bbox 1044 3251 1201 3304; x_wconf 85' lang='lat' dir='ltr'><strong>Samaritani</strong></span> <span class='ocrx_word' id='word_1_339' title='bbox 1212 3252 1321 3315; x_wconf 90' lang='lat' dir='ltr'><strong>caeteri,</strong></span> <span class='ocrx_word' id='word_1_340' title='bbox 1333 3247 1377 3312; x_wconf 71' lang='grc' dir='ltr'><strong>τὰς</strong></span> <span class='ocrx_word' id='word_1_341' title='bbox 1391 3249 1493 3320; x_wconf 75' lang='grc' dir='ltr'>δευτέρας</span> 
     </span>
     <span class='ocr_line' id='line_1_34' title="bbox 344 3335 1426 3406; baseline 0 -17"><span class='ocrx_word' id='word_1_342' title='bbox 344 3337 438 3406; x_wconf 88' lang='lat' dir='ltr'><strong>septies</strong></span> <span class='ocrx_word' id='word_1_343' title='bbox 450 3337 494 3390; x_wconf 93' lang='lat' dir='ltr'><strong>illo</strong></span> <span class='ocrx_word' id='word_1_344' title='bbox 506 3337 635 3390; x_wconf 81' lang='lat' dir='ltr'><strong>duntaxat</strong></span> <span class='ocrx_word' id='word_1_345' title='bbox 645 3337 781 3391; x_wconf 82' lang='lat' dir='ltr'><strong>interuallo</strong></span> <span class='ocrx_word' id='word_1_346' title='bbox 794 3336 963 3401; x_wconf 87' lang='lat' dir='ltr'><strong>celebrarent,</strong></span> <span class='ocrx_word' id='word_1_347' title='bbox 976 3335 1044 3406; x_wconf 91' lang='lat' dir='ltr'><strong>quod</strong></span> <span class='ocrx_word' id='word_1_348' title='bbox 1055 3337 1088 3390; x_wconf 88' lang='lat' dir='ltr'><strong>ad</strong></span> <span class='ocrx_word' id='word_1_349' title='bbox 1099 3337 1268 3390; x_wconf 84' lang='lat' dir='ltr'><strong>Pentecosten</strong></span> <span class='ocrx_word' id='word_1_350' title='bbox 1280 3338 1426 3392; x_wconf 79' lang='lat' dir='ltr'><strong>intercedit</strong></span> 
     </span>
    </p>

    <p class='ocr_par' dir='ltr' id='par_1_6' title="bbox 343 3409 1493 3750">
     <span class='ocr_line' id='line_1_35' title="bbox 412 3409 1492 3492; baseline 0.001 -19"><span class='ocrx_word' id='word_1_351' title='bbox 412 3421 456 3474; x_wconf 77' lang='grc' dir='ltr'><strong>Διὰ</strong></span> <span class='ocrx_word' id='word_1_352' title='bbox 472 3409 540 3491; x_wconf 65' lang='grc' dir='ltr'>μῆνιν</span> <span class='ocrx_word' id='word_1_353' title='bbox 557 3421 597 3474; x_wconf 68' lang='grc' dir='ltr'><strong>καὶ</strong></span> <span class='ocrx_word' id='word_1_354' title='bbox 614 3418 689 3492; x_wconf 77' lang='grc' dir='ltr'>ὀργὴν</span> <span class='ocrx_word' id='word_1_355' title='bbox 706 3421 858 3492; x_wconf 66' lang='lat' dir='ltr'><strong>getthaeum]</strong></span> <span class='ocrx_word' id='word_1_356' title='bbox 876 3422 960 3492; x_wconf 87' lang='lat' dir='ltr'><strong>Supra</strong></span> <span class='ocrx_word' id='word_1_357' title='bbox 977 3421 1077 3474; x_wconf 81' lang='lat' dir='ltr'><strong>dixerat</strong></span> <span class='ocrx_word' id='word_1_358' title='bbox 1092 3421 1153 3491; x_wconf 72' lang='grc' dir='ltr'>πρὸς</span> <span class='ocrx_word' id='word_1_359' title='bbox 1170 3419 1293 3488; x_wconf 72' lang='grc' dir='ltr'>ἀλλήλους</span> <span class='ocrx_word' id='word_1_360' title='bbox 1310 3423 1364 3476; x_wconf 86' lang='lat' dir='ltr'><strong>iras</strong></span> <span class='ocrx_word' id='word_1_361' title='bbox 1382 3439 1414 3476; x_wconf 87' lang='lat' dir='ltr'><strong>aa</strong></span> <span class='ocrx_word' id='word_1_362' title='bbox 1429 3423 1492 3476; x_wconf 83' lang='lat' dir='ltr'><strong>rixae</strong></span> 
     </span>
     <span class='ocr_line' id='line_1_36' title="bbox 343 3506 1493 3578; baseline 0 -16"><span class='ocrx_word' id='word_1_363' title='bbox 343 3508 500 3578; x_wconf 86' lang='lat' dir='ltr'><strong>suscepisse,</strong></span> <span class='ocrx_word' id='word_1_364' title='bbox 518 3523 586 3561; x_wconf 90' lang='lat' dir='ltr'><strong>nuuc</strong></span> <span class='ocrx_word' id='word_1_365' title='bbox 603 3523 663 3560; x_wconf 89' lang='lat' dir='ltr'><strong>cum</strong></span> <span class='ocrx_word' id='word_1_366' title='bbox 678 3507 782 3562; x_wconf 88' lang='lat' dir='ltr'><strong>ludaeis</strong></span> <span class='ocrx_word' id='word_1_367' title='bbox 799 3507 943 3560; x_wconf 86' lang='lat' dir='ltr'><strong>simultates</strong></span> <span class='ocrx_word' id='word_1_368' title='bbox 959 3507 1016 3560; x_wconf 86' lang='lat' dir='ltr'><strong>ilias</strong></span> <span class='ocrx_word' id='word_1_369' title='bbox 1027 3506 1204 3560; x_wconf 87' lang='lat' dir='ltr'><strong>intercessisse</strong></span> <span class='ocrx_word' id='word_1_370' title='bbox 1214 3525 1267 3560; x_wconf 91' lang='lat' dir='ltr'><strong>non</strong></span> <span class='ocrx_word' id='word_1_371' title='bbox 1280 3508 1392 3562; x_wconf 90' lang='lat' dir='ltr'><strong>obscure</strong></span> <span class='ocrx_word' id='word_1_372' title='bbox 1403 3507 1493 3576; x_wconf 80' lang='lat' dir='ltr'><strong>calligi-</strong></span> 
     </span>
     <span class='ocr_line' id='line_1_37' title="bbox 343 3591 1493 3666; baseline 0.001 -19"><span class='ocrx_word' id='word_1_373' title='bbox 343 3599 392 3648; x_wconf 88' lang='lat' dir='ltr'><strong>tur.</strong></span> <span class='ocrx_word' id='word_1_374' title='bbox 426 3591 561 3662; x_wconf 84' lang='lat' dir='ltr'><strong>Siquidem</strong></span> <span class='ocrx_word' id='word_1_375' title='bbox 581 3591 639 3646; x_wconf 92' lang='lat' dir='ltr'><strong>odio</strong></span> <span class='ocrx_word' id='word_1_376' title='bbox 662 3593 765 3646; x_wconf 91' lang='lat' dir='ltr'><strong>illorum</strong></span> <span class='ocrx_word' id='word_1_377' title='bbox 782 3599 947 3663; x_wconf 89' lang='lat' dir='ltr'><strong>praepostere</strong></span> <span class='ocrx_word' id='word_1_378' title='bbox 963 3592 1110 3646; x_wconf 87' lang='lat' dir='ltr'><strong>solennium</strong></span> <span class='ocrx_word' id='word_1_379' title='bbox 1126 3593 1234 3647; x_wconf 91' lang='lat' dir='ltr'><strong>istorum</strong></span> <span class='ocrx_word' id='word_1_380' title='bbox 1251 3599 1357 3663; x_wconf 86' lang='lat' dir='ltr'><strong>tempus</strong></span> <span class='ocrx_word' id='word_1_381' title='bbox 1375 3607 1493 3666; x_wconf 81' lang='lat' dir='ltr'><strong>usurpare</strong></span> 
     </span>
     <span class='ocr_line' id='line_1_38' title="bbox 343 3682 490 3750; baseline -0.027 -15"><span class='ocrx_word' id='word_1_382' title='bbox 343 3682 490 3750; x_wconf 87' lang='lat' dir='ltr'><strong>coeperunt</strong></span> 
     </span>
    </p>

    <p class='ocr_par' dir='ltr' id='par_1_7' title="bbox 343 3755 1497 4689">
     <span class='ocr_line' id='line_1_39' title="bbox 411 3755 1494 3835; baseline -0.001 -17"><span class='ocrx_word' id='word_1_383' title='bbox 411 3763 531 3818; x_wconf 79' lang='grc' dir='ltr'>Τάττουσι</span> <span class='ocrx_word' id='word_1_384' title='bbox 546 3761 573 3814; x_wconf 70' lang='grc' dir='ltr'><strong>δὲ</strong></span> <span class='ocrx_word' id='word_1_385' title='bbox 590 3755 657 3814; x_wconf 78' lang='grc' dir='ltr'>οὗτοι</span> <span class='ocrx_word' id='word_1_386' title='bbox 672 3762 714 3814; x_wconf 81' lang='lat' dir='ltr'><strong>ubo</strong></span> <span class='ocrx_word' id='word_1_387' title='bbox 730 3763 783 3814; x_wconf 80' lang='grc' dir='ltr'>νέον</span> <span class='ocrx_word' id='word_1_388' title='bbox 795 3766 880 3833; x_wconf 72' lang='grc' dir='ltr'>μῆνις]</span> <span class='ocrx_word' id='word_1_389' title='bbox 904 3762 995 3817; x_wconf 89' lang='lat' dir='ltr'><strong>Utrum</strong></span> <span class='ocrx_word' id='word_1_390' title='bbox 1011 3764 1111 3834; x_wconf 86' lang='lat' dir='ltr'><strong>primus</strong></span> <span class='ocrx_word' id='word_1_391' title='bbox 1122 3765 1218 3818; x_wconf 87' lang='lat' dir='ltr'><strong>mensis</strong></span> <span class='ocrx_word' id='word_1_392' title='bbox 1233 3765 1302 3835; x_wconf 81' lang='lat' dir='ltr'><strong>apud</strong></span> <span class='ocrx_word' id='word_1_393' title='bbox 1319 3765 1494 3820; x_wconf 80' lang='lat' dir='ltr'><strong>Samaritanus</strong></span> 
     </span>
     <span class='ocr_line' id='line_1_40' title="bbox 343 3845 1494 3920; baseline -0.002 -14"><span class='ocrx_word' id='word_1_394' title='bbox 343 3857 370 3907; x_wconf 89' lang='lat' dir='ltr'><strong>et</strong></span> <span class='ocrx_word' id='word_1_395' title='bbox 381 3851 511 3905; x_wconf 86' lang='lat' dir='ltr'><strong>Sehueeos</strong></span> <span class='ocrx_word' id='word_1_396' title='bbox 522 3848 590 3902; x_wconf 81' lang='lat' dir='ltr'><strong>Tisri</strong></span> <span class='ocrx_word' id='word_1_397' title='bbox 601 3847 679 3902; x_wconf 83' lang='lat' dir='ltr'><strong>luerit</strong></span> <span class='ocrx_word' id='word_1_398' title='bbox 689 3864 742 3901; x_wconf 89' lang='lat' dir='ltr'><strong>uon</strong></span> <span class='ocrx_word' id='word_1_399' title='bbox 754 3849 816 3901; x_wconf 89' lang='lat' dir='ltr'><strong>satis</strong></span> <span class='ocrx_word' id='word_1_400' title='bbox 828 3849 948 3919; x_wconf 85' lang='lat' dir='ltr'><strong>explieat</strong></span> <span class='ocrx_word' id='word_1_401' title='bbox 976 3849 1021 3904; x_wconf 82' lang='lat' dir='ltr'><strong>Ait</strong></span> <span class='ocrx_word' id='word_1_402' title='bbox 1032 3851 1102 3904; x_wconf 89' lang='lat' dir='ltr'><strong>euim</strong></span> <span class='ocrx_word' id='word_1_403' title='bbox 1114 3845 1174 3920; x_wconf 77' lang='grc' dir='ltr'>ρετᾶι</span> <span class='ocrx_word' id='word_1_404' title='bbox 1185 3849 1214 3900; x_wconf 79' lang='lat' dir='ltr'><strong>rb</strong></span> <span class='ocrx_word' id='word_1_405' title='bbox 1225 3849 1278 3901; x_wconf 78' lang='grc' dir='ltr'>νέον</span> <span class='ocrx_word' id='word_1_406' title='bbox 1291 3847 1358 3918; x_wconf 84' lang='grc' dir='ltr'>ἔτος,</span> <span class='ocrx_word' id='word_1_407' title='bbox 1376 3856 1439 3920; x_wconf 88' lang='lat' dir='ltr'><strong>post</strong></span> <span class='ocrx_word' id='word_1_408' title='bbox 1452 3867 1494 3904; x_wconf 86' lang='lat' dir='ltr'><strong>aa·</strong></span> 
     </span>
     <span class='ocr_line' id='line_1_41' title="bbox 344 3931 1494 4006; baseline -0.006 -14"><span class='ocrx_word' id='word_1_409' title='bbox 344 3955 407 3992; x_wconf 90' lang='lat' dir='ltr'><strong>num</strong></span> <span class='ocrx_word' id='word_1_410' title='bbox 421 3949 533 3998; x_wconf 76' lang='lat' dir='ltr'><strong>novum,</strong></span> <span class='ocrx_word' id='word_1_411' title='bbox 549 3933 582 3987; x_wconf 90' lang='lat' dir='ltr'><strong>ab</strong></span> <span class='ocrx_word' id='word_1_412' title='bbox 597 3933 648 3988; x_wconf 85' lang='lat' dir='ltr'><strong>iilis</strong></span> <span class='ocrx_word' id='word_1_413' title='bbox 665 3933 757 3998; x_wconf 79' lang='lat' dir='ltr'><strong>statui3</strong></span> <span class='ocrx_word' id='word_1_414' title='bbox 772 3934 846 3988; x_wconf 91' lang='lat' dir='ltr'><strong>cuiue</strong></span> <span class='ocrx_word' id='word_1_415' title='bbox 863 3935 925 3988; x_wconf 87' lang='lat' dir='ltr'><strong>anni</strong></span> <span class='ocrx_word' id='word_1_416' title='bbox 941 3936 1002 3988; x_wconf 83' lang='lat' dir='ltr'><strong>noui</strong></span> <span class='ocrx_word' id='word_1_417' title='bbox 1017 3942 1095 4005; x_wconf 87' lang='lat' dir='ltr'><strong>caput</strong></span> <span class='ocrx_word' id='word_1_418' title='bbox 1109 3941 1148 3988; x_wconf 88' lang='lat' dir='ltr'><strong>est</strong></span> <span class='ocrx_word' id='word_1_419' title='bbox 1159 3931 1219 4005; x_wconf 79' lang='lat' dir='ltr'><strong>perd</strong></span> <span class='ocrx_word' id='word_1_420' title='bbox 1230 3935 1272 3986; x_wconf 78' lang='lat' dir='ltr'><strong>rhu</strong></span> <span class='ocrx_word' id='word_1_421' title='bbox 1284 3934 1359 4006; x_wconf 75' lang='grc' dir='ltr'>θεορὶ</span> <span class='ocrx_word' id='word_1_422' title='bbox 1371 3933 1396 3988; x_wconf 83' lang='lat' dir='ltr'><strong>ie</strong></span> <span class='ocrx_word' id='word_1_423' title='bbox 1408 3942 1444 4005; x_wconf 76' lang='grc' dir='ltr'>τῷ</span> <span class='ocrx_word' id='word_1_424' title='bbox 1456 3951 1494 4004; x_wconf 82' lang='grc' dir='ltr'>ρε-</span> 
     </span>
     <span class='ocr_line' id='line_1_42' title="bbox 345 4019 1496 4092; baseline -0.003 -17"><span class='ocrx_word' id='word_1_425' title='bbox 345 4022 461 4092; x_wconf 81' lang='grc' dir='ltr'>τοπώριρ.</span> <span class='ocrx_word' id='word_1_426' title='bbox 486 4019 565 4074; x_wconf 88' lang='lat' dir='ltr'><strong>Porro</strong></span> <span class='ocrx_word' id='word_1_427' title='bbox 577 4019 643 4072; x_wconf 84' lang='lat' dir='ltr'><strong>&#39;lieri</strong></span> <span class='ocrx_word' id='word_1_428' title='bbox 654 4035 714 4072; x_wconf 84' lang='lat' dir='ltr'><strong>cunr</strong></span> <span class='ocrx_word' id='word_1_429' title='bbox 723 4019 843 4088; x_wconf 79' lang='lat' dir='ltr'><strong>Augusto</strong></span> <span class='ocrx_word' id='word_1_430' title='bbox 855 4024 994 4090; x_wconf 85' lang='lat' dir='ltr'><strong>comparet.</strong></span> <span class='ocrx_word' id='word_1_431' title='bbox 1016 4021 1086 4074; x_wconf 89' lang='lat' dir='ltr'><strong>llaec</strong></span> <span class='ocrx_word' id='word_1_432' title='bbox 1097 4021 1178 4090; x_wconf 90' lang='lat' dir='ltr'><strong>igitur</strong></span> <span class='ocrx_word' id='word_1_433' title='bbox 1189 4021 1320 4074; x_wconf 90' lang='lat' dir='ltr'><strong>salebrosa</strong></span> <span class='ocrx_word' id='word_1_434' title='bbox 1330 4037 1363 4074; x_wconf 90' lang='lat' dir='ltr'><strong>ac</strong></span> <span class='ocrx_word' id='word_1_435' title='bbox 1375 4021 1496 4092; x_wconf 82' lang='lat' dir='ltr'><strong>perplexe</strong></span> 
     </span>
     <span class='ocr_line' id='line_1_43' title="bbox 345 4106 1494 4176; baseline -0.003 -14"><span class='ocrx_word' id='word_1_436' title='bbox 345 4112 413 4162; x_wconf 87' lang='lat' dir='ltr'><strong>suut</strong></span> <span class='ocrx_word' id='word_1_437' title='bbox 430 4106 459 4160; x_wconf 91' lang='lat' dir='ltr'><strong>Si</strong></span> <span class='ocrx_word' id='word_1_438' title='bbox 469 4106 498 4160; x_wconf 89' lang='lat' dir='ltr'><strong>iu</strong></span> <span class='ocrx_word' id='word_1_439' title='bbox 508 4109 632 4159; x_wconf 90' lang='lat' dir='ltr'><strong>autumno</strong></span> <span class='ocrx_word' id='word_1_440' title='bbox 644 4121 727 4158; x_wconf 80' lang='lat' dir='ltr'><strong>novus</strong></span> <span class='ocrx_word' id='word_1_441' title='bbox 739 4120 823 4159; x_wconf 89' lang='lat' dir='ltr'><strong>annus</strong></span> <span class='ocrx_word' id='word_1_442' title='bbox 834 4107 903 4171; x_wconf 89' lang='lat' dir='ltr'><strong>iniit,</strong></span> <span class='ocrx_word' id='word_1_443' title='bbox 916 4123 969 4160; x_wconf 88' lang='lat' dir='ltr'><strong>nou</strong></span> <span class='ocrx_word' id='word_1_444' title='bbox 979 4107 1069 4176; x_wconf 90' lang='lat' dir='ltr'><strong>utique</strong></span> <span class='ocrx_word' id='word_1_445' title='bbox 1080 4106 1108 4160; x_wconf 91' lang='lat' dir='ltr'><strong>in</strong></span> <span class='ocrx_word' id='word_1_446' title='bbox 1117 4106 1196 4172; x_wconf 84' lang='lat' dir='ltr'><strong>Tisri,</strong></span> <span class='ocrx_word' id='word_1_447' title='bbox 1207 4106 1252 4176; x_wconf 88' lang='lat' dir='ltr'><strong>qui</strong></span> <span class='ocrx_word' id='word_1_448' title='bbox 1260 4107 1382 4176; x_wconf 80' lang='lat' dir='ltr'><strong>Augusto</strong></span> <span class='ocrx_word' id='word_1_449' title='bbox 1393 4121 1494 4176; x_wconf 87' lang='lat' dir='ltr'><strong>respou-</strong></span> 
     </span>
     <span class='ocr_line' id='line_1_44' title="bbox 346 4188 1495 4262; baseline -0.002 -16"><span class='ocrx_word' id='word_1_450' title='bbox 346 4193 396 4248; x_wconf 88' lang='lat' dir='ltr'><strong>det.</strong></span> <span class='ocrx_word' id='word_1_451' title='bbox 424 4192 476 4246; x_wconf 83' lang='lat' dir='ltr'><strong>Gur</strong></span> <span class='ocrx_word' id='word_1_452' title='bbox 492 4205 554 4262; x_wconf 88' lang='lat' dir='ltr'><strong>ergo</strong></span> <span class='ocrx_word' id='word_1_453' title='bbox 569 4195 624 4244; x_wconf 88' lang='lat' dir='ltr'><strong>tam</strong></span> <span class='ocrx_word' id='word_1_454' title='bbox 641 4191 777 4260; x_wconf 90' lang='lat' dir='ltr'><strong>diligenter</strong></span> <span class='ocrx_word' id='word_1_455' title='bbox 792 4188 860 4244; x_wconf 88' lang='lat' dir='ltr'><strong>hauc</strong></span> <span class='ocrx_word' id='word_1_456' title='bbox 875 4192 961 4261; x_wconf 88' lang='lat' dir='ltr'><strong>ipsum</strong></span> <span class='ocrx_word' id='word_1_457' title='bbox 973 4207 1089 4245; x_wconf 88' lang='lat' dir='ltr'><strong>mensem</strong></span> <span class='ocrx_word' id='word_1_458' title='bbox 1100 4191 1177 4244; x_wconf 81' lang='lat' dir='ltr'><strong>uariis</strong></span> <span class='ocrx_word' id='word_1_459' title='bbox 1189 4191 1377 4246; x_wconf 84' lang='lat' dir='ltr'><strong>circumscribit</strong></span> <span class='ocrx_word' id='word_1_460' title='bbox 1388 4191 1495 4245; x_wconf 84' lang='lat' dir='ltr'><strong>nomini·</strong></span> 
     </span>
     <span class='ocr_line' id='line_1_45' title="bbox 346 4270 1494 4347; baseline -0.008 -14"><span class='ocrx_word' id='word_1_461' title='bbox 346 4279 409 4344; x_wconf 89' lang='lat' dir='ltr'><strong>bus,</strong></span> <span class='ocrx_word' id='word_1_462' title='bbox 424 4278 447 4332; x_wconf 87' lang='lat' dir='ltr'><strong>ai</strong></span> <span class='ocrx_word' id='word_1_463' title='bbox 462 4294 516 4332; x_wconf 88' lang='lat' dir='ltr'><strong>non</strong></span> <span class='ocrx_word' id='word_1_464' title='bbox 531 4277 594 4330; x_wconf 90' lang='lat' dir='ltr'><strong>anui</strong></span> <span class='ocrx_word' id='word_1_465' title='bbox 608 4277 777 4346; x_wconf 89' lang='lat' dir='ltr'><strong>primordium</strong></span> <span class='ocrx_word' id='word_1_466' title='bbox 789 4282 845 4330; x_wconf 80' lang='lat' dir='ltr'><strong>est?</strong></span> <span class='ocrx_word' id='word_1_467' title='bbox 863 4276 914 4330; x_wconf 87' lang='lat' dir='ltr'><strong>Cur</strong></span> <span class='ocrx_word' id='word_1_468' title='bbox 926 4276 1017 4330; x_wconf 92' lang='lat' dir='ltr'><strong>deiude</strong></span> <span class='ocrx_word' id='word_1_469' title='bbox 1028 4278 1066 4330; x_wconf 81' lang='lat' dir='ltr'><strong>ita</strong></span> <span class='ocrx_word' id='word_1_470' title='bbox 1076 4277 1206 4347; x_wconf 76' lang='lat' dir='ltr'><strong>loquitur?</strong></span> <span class='ocrx_word' id='word_1_471' title='bbox 1224 4273 1363 4330; x_wconf 80' lang='grc' dir='ltr'>ἇπενττῦδεν</span> <span class='ocrx_word' id='word_1_472' title='bbox 1376 4270 1444 4328; x_wconf 74' lang='grc' dir='ltr'>οὗτοι</span> <span class='ocrx_word' id='word_1_473' title='bbox 1454 4275 1494 4342; x_wconf 71' lang='grc' dir='ltr'>τὴν</span> 
     </span>
     <span class='ocr_line' id='line_1_46' title="bbox 346 4353 1495 4434; baseline 0.002 -20"><span class='ocrx_word' id='word_1_474' title='bbox 346 4361 423 4434; x_wconf 73' lang='grc' dir='ltr'>ἀρχὴν</span> <span class='ocrx_word' id='word_1_475' title='bbox 440 4367 483 4415; x_wconf 82' lang='grc' dir='ltr'><strong>τοῦ</strong></span> <span class='ocrx_word' id='word_1_476' title='bbox 499 4359 566 4423; x_wconf 70' lang='grc' dir='ltr'>ἔτους</span> <span class='ocrx_word' id='word_1_477' title='bbox 581 4361 696 4432; x_wconf 68' lang='grc' dir='ltr'>ἡγοῦνται</span> <span class='ocrx_word' id='word_1_478' title='bbox 708 4361 748 4414; x_wconf 74' lang='grc' dir='ltr'><strong>καλ</strong></span> <span class='ocrx_word' id='word_1_479' title='bbox 760 4360 828 4424; x_wconf 68' lang='grc' dir='ltr'>εὐθὺς</span> <span class='ocrx_word' id='word_1_480' title='bbox 847 4358 878 4414; x_wconf 76' lang='lat' dir='ltr'><strong>rh</strong></span> <span class='ocrx_word' id='word_1_481' title='bbox 888 4357 987 4433; x_wconf 77' lang='grc' dir='ltr'>’λζυμα</span> <span class='ocrx_word' id='word_1_482' title='bbox 1002 4359 1144 4414; x_wconf 74' lang='grc' dir='ltr'>ἐπιτελοῦσι.</span> <span class='ocrx_word' id='word_1_483' title='bbox 1173 4361 1300 4416; x_wconf 83' lang='lat' dir='ltr'><strong>Nimirum</strong></span> <span class='ocrx_word' id='word_1_484' title='bbox 1315 4363 1344 4415; x_wconf 86' lang='lat' dir='ltr'><strong>in</strong></span> <span class='ocrx_word' id='word_1_485' title='bbox 1355 4377 1388 4416; x_wconf 72' lang='lat' dir='ltr'><strong>eo</strong></span> <span class='ocrx_word' id='word_1_486' title='bbox 1400 4353 1495 4424; x_wconf 70' lang='lat' dir='ltr'><strong>mama,</strong></span> 
     </span>
     <span class='ocr_line' id='line_1_47' title="bbox 347 4445 1495 4519; baseline -0.006 -15"><span class='ocrx_word' id='word_1_487' title='bbox 347 4449 378 4504; x_wconf 86' lang='lat' dir='ltr'><strong>de</strong></span> <span class='ocrx_word' id='word_1_488' title='bbox 394 4463 445 4519; x_wconf 87' lang='lat' dir='ltr'><strong>que</strong></span> <span class='ocrx_word' id='word_1_489' title='bbox 461 4448 562 4502; x_wconf 86' lang='lat' dir='ltr'><strong>locutus</strong></span> <span class='ocrx_word' id='word_1_490' title='bbox 579 4452 630 4513; x_wconf 90' lang='lat' dir='ltr'><strong>est,</strong></span> <span class='ocrx_word' id='word_1_491' title='bbox 647 4447 697 4502; x_wconf 91' lang='lat' dir='ltr'><strong>hoc</strong></span> <span class='ocrx_word' id='word_1_492' title='bbox 712 4453 752 4502; x_wconf 89' lang='lat' dir='ltr'><strong>est</strong></span> <span class='ocrx_word' id='word_1_493' title='bbox 766 4448 841 4502; x_wconf 83' lang='lat' dir='ltr'><strong>Tisri.</strong></span> <span class='ocrx_word' id='word_1_494' title='bbox 869 4447 991 4518; x_wconf 81' lang='lat' dir='ltr'><strong>Sequitur</strong></span> <span class='ocrx_word' id='word_1_495' title='bbox 1001 4447 1070 4500; x_wconf 88' lang='lat' dir='ltr'><strong>euim</strong></span> <span class='ocrx_word' id='word_1_496' title='bbox 1082 4445 1106 4498; x_wconf 77' lang='grc' dir='ltr'><strong>ἐν</strong></span> <span class='ocrx_word' id='word_1_497' title='bbox 1119 4445 1145 4498; x_wconf 74' lang='grc' dir='ltr'><strong>δὲ</strong></span> <span class='ocrx_word' id='word_1_498' title='bbox 1156 4451 1193 4518; x_wconf 85' lang='grc' dir='ltr'><strong>τῷ</strong></span> <span class='ocrx_word' id='word_1_499' title='bbox 1206 4447 1342 4518; x_wconf 79' lang='grc' dir='ltr'>μετοπώρῳ</span> <span class='ocrx_word' id='word_1_500' title='bbox 1355 4445 1400 4512; x_wconf 76' lang='grc' dir='ltr'><strong>τὴν</strong></span> <span class='ocrx_word' id='word_1_501' title='bbox 1412 4463 1495 4510; x_wconf 80' lang='grc' dir='ltr'>πεντη-</span> 
     </span>
     <span class='ocr_line' id='line_1_48' title="bbox 347 4532 1497 4604; baseline 0 -18"><span class='ocrx_word' id='word_1_502' title='bbox 347 4532 435 4600; x_wconf 69' lang='grc' dir='ltr'>κοστὴν</span> <span class='ocrx_word' id='word_1_503' title='bbox 447 4537 550 4602; x_wconf 79' lang='grc' dir='ltr'>ποιοῦσι,</span> <span class='ocrx_word' id='word_1_504' title='bbox 561 4533 775 4604; x_wconf 87' lang='lat' dir='ltr'><strong>quinquagesimo</strong></span> <span class='ocrx_word' id='word_1_505' title='bbox 785 4539 846 4603; x_wconf 88' lang='lat' dir='ltr'><strong>pust</strong></span> <span class='ocrx_word' id='word_1_506' title='bbox 856 4533 905 4589; x_wconf 88' lang='lat' dir='ltr'><strong>die.</strong></span> <span class='ocrx_word' id='word_1_507' title='bbox 921 4532 1005 4597; x_wconf 83' lang='lat' dir='ltr'><strong>Quare</strong></span> <span class='ocrx_word' id='word_1_508' title='bbox 1018 4538 1078 4586; x_wconf 90' lang='lat' dir='ltr'><strong>ante</strong></span> <span class='ocrx_word' id='word_1_509' title='bbox 1087 4533 1230 4602; x_wconf 74' lang='grc' dir='ltr'>μετόπωρον</span> <span class='ocrx_word' id='word_1_510' title='bbox 1242 4538 1268 4586; x_wconf 91' lang='lat' dir='ltr'><strong>et</strong></span> <span class='ocrx_word' id='word_1_511' title='bbox 1277 4533 1304 4586; x_wconf 90' lang='lat' dir='ltr'><strong>iu</strong></span> <span class='ocrx_word' id='word_1_512' title='bbox 1315 4532 1386 4586; x_wconf 70' lang='lat' dir='ltr'><strong>Turi</strong></span> <span class='ocrx_word' id='word_1_513' title='bbox 1399 4533 1497 4602; x_wconf 64' lang='lat' dir='ltr'><strong>nyma</strong></span> 
     </span>
     <span class='ocr_line' id='line_1_49' title="bbox 347 4616 1495 4689; baseline -0.003 -13"><span class='ocrx_word' id='word_1_514' title='bbox 347 4619 519 4685; x_wconf 84' lang='lat' dir='ltr'><strong>celebrantur,</strong></span> <span class='ocrx_word' id='word_1_515' title='bbox 529 4617 644 4688; x_wconf 84' lang='lat' dir='ltr'><strong>adeoque</strong></span> <span class='ocrx_word' id='word_1_516' title='bbox 654 4624 733 4689; x_wconf 90' lang='lat' dir='ltr'><strong>caput</strong></span> <span class='ocrx_word' id='word_1_517' title='bbox 741 4620 805 4674; x_wconf 87' lang='lat' dir='ltr'><strong>anni</strong></span> <span class='ocrx_word' id='word_1_518' title='bbox 814 4619 889 4674; x_wconf 82' lang='lat' dir='ltr'><strong>lieri.</strong></span> <span class='ocrx_word' id='word_1_519' title='bbox 910 4617 944 4672; x_wconf 85' lang='lat' dir='ltr'><strong>Et</strong></span> <span class='ocrx_word' id='word_1_520' title='bbox 956 4616 1015 4688; x_wconf 76' lang='grc' dir='ltr'>μετὰ</span> <span class='ocrx_word' id='word_1_521' title='bbox 1025 4617 1094 4672; x_wconf 89' lang='lat' dir='ltr'><strong>idem</strong></span> <span class='ocrx_word' id='word_1_522' title='bbox 1105 4618 1154 4672; x_wconf 90' lang='lat' dir='ltr'><strong>erit</strong></span> <span class='ocrx_word' id='word_1_523' title='bbox 1163 4623 1242 4688; x_wconf 88' lang='lat' dir='ltr'><strong>etque</strong></span> <span class='ocrx_word' id='word_1_524' title='bbox 1252 4618 1379 4684; x_wconf 71' lang='lat' dir='ltr'><strong>turcicum,</strong></span> <span class='ocrx_word' id='word_1_525' title='bbox 1390 4623 1495 4672; x_wconf 75' lang='lat' dir='ltr'><strong>u&#39;aeuatc.</strong></span> 
     </span>
    </p>
   </div>
   <div class='ocr_carea' id='block_1_5' title="bbox 0 0 1620 5152">
    <p class='ocr_par' dir='ltr' id='par_1_8' title="bbox 0 0 1620 5152">
     <span class='ocr_line' id='line_1_50' title="bbox 0 0 1620 5152; baseline 0 0"><span class='ocrx_word' id='word_1_526' title='bbox 0 0 1620 5152; x_wconf 95' lang='lat' dir='ltr'><strong> </strong></span> 
     </span>
    </p>
   </div>
  </div>
 </body>
</html>
