3216 5152
1184 337 1271 395 XLIX

186 497 213 550 N.
224 515 267 552 vu.
285 496 332 548 liei
343 499 448 567 γραφεῖα
460 495 490 548 τὰ
501 492 568 565 παρὰ
579 492 724 563 ’luctaturi
751 495 822 560 Quae
831 493 970 565 ἁγιόγραρα
981 493 1109 548 dicuntur.
1134 493 1219 564 Atque
1230 493 1272 548 hic

129 583 240 654 triplicem
251 598 386 637 sacrorum
396 583 521 636 librorum
533 581 698 653 partitionem
711 581 903 651 complectitur,
920 595 985 651 quac
1003 587 1042 633 est
1058 585 1150 642 mn
1168 579 1216 634 hoo
1233 584 1273 632 est

128 670 168 732 ter,
177 671 284 729 nertin:
292 667 447 738 prophetae,
459 672 486 720 et
494 671 631 731 mim,
645 664 792 738 ἁγιογραρα,
804 667 859 719 sire
865 669 983 742 γραφεῖα
997 665 1034 720 De
1044 681 1095 735 quo
1104 666 1271 718 rideliicrcn.

126 753 225 824 Prologo
237 752 356 818 Galeam,
372 753 456 807 Elium
467 755 495 806 in
506 751 609 817 uhioni,
621 753 699 805 verbo
712 757 790 812 amu.

184 837 213 892 ll.
224 857 259 893 rx.
286 835 365 890 Ἀλλὰ
382 835 534 909 ἀνιστάμενοι
551 835 660 904 ἔσωθεν]
694 837 753 890 Non
771 837 860 890 dubito
878 837 940 907 quin
958 836 1122 890 scribendum
1140 838 1174 892 sit
1192 835 1272 888 ἕωθεν.

127 923 192 987 Quod
203 931 289 978 autem
300 923 417 977 Iudaicas
428 925 487 977 illas
498 925 696 994 imprecationes
708 923 735 976 in
747 921 893 976 Nazaraeos
906 922 1048 976 haereticos
1065 923 1174 976 conferri
1186 922 1275 976 scribit

127 1007 286 1079 Epiphanius,
302 1006 476 1079 Hieronymus
494 1009 526 1062 ad
538 1008 697 1064 Christianos
712 1009 842 1066 transfert
868 1009 908 1061 its
920 1009 989 1062 enini
1000 1009 1044 1061 illo
1055 1009 1088 1061 ad
1099 1009 1158 1062 Esa.
1171 1025 1220 1062 cn:
1239 1008 1275 1060 Et

126 1095 164 1146 ινί
182 1099 288 1158 msice,
309 1104 338 1147 ut
352 1113 430 1165 saepe
448 1097 515 1159 disi,
537 1095 730 1148 Nazarenorum
753 1105 791 1147 ter
812 1101 839 1147 r‘n
858 1097 899 1148 dic
915 1100 942 1146 ιἰι
961 1094 1120 1148 Christianos
1138 1102 1277 1163 cooperunt

125 1181 260 1237 maledictu.

185 1261 289 1336 Ἔχουσι
299 1264 325 1318 δὲ
334 1262 397 1318 κατὰ
406 1266 552 1334 Meridies]
570 1266 644 1330 Quod
653 1271 679 1320 et
686 1267 859 1335 Hieronymus
870 1266 967 1319 Graece
977 1265 1085 1317 reddidit
1100 1273 1126 1318 et
1143 1266 1204 1318 citat
1218 1266 1275 1336 ipse

126 1351 226 1421 smptus.
249 1350 340 1420 Neque
352 1367 412 1405 reso
423 1367 519 1422 purum
529 1357 621 1421 putum
633 1351 758 1405 Matthaei
770 1352 934 1421 evangelium
946 1351 1008 1414 init,
1020 1355 1049 1403 nt
1060 1352 1226 1403 existimasse
1238 1352 1275 1403 ri·

126 1435 191 1490 delur
201 1435 372 1508 Epiphaniua;
389 1436 435 1490 sed
452 1437 486 1490 ab
503 1438 554 1490 iliis
572 1437 751 1508 depravatum,
769 1438 838 1506 quod
855 1442 880 1489 et
897 1437 1062 1506 evangelium
1074 1435 1136 1488 κατὰ
1148 1434 1275 1508 Ἐβραίους

126 1521 229 1591 appellat
239 1521 367 1576 Eusebius
378 1523 423 1576 lib.
432 1541 472 1578 nr.
484 1523 579 1578 Hister.
591 1539 708 1593 capam,
719 1516 824 1577 Hieron.
836 1524 863 1575 in
876 1539 930 1592 cap.
943 1541 989 1575 xn.
1007 1521 1099 1575 Matth.
1111 1538 1166 1591 cap.
1182 1521 1224 1574 13:
1243 1523 1276 1574 Ιο

126 1610 260 1676 marcuclio,
278 1627 324 1677 qao
335 1617 439 1660 abeatur
451 1609 587 1662 Nazaraei
597 1607 745 1672 Eteocleas,
762 1611 827 1677 qaod
842 1627 922 1678 reaper
933 1611 960 1659 in
974 1609 1101 1660 Graecum
1114 1611 1145 1660 de
1156 1607 1276 1660 Hebraeo

124 1709 226 1746 sermone
242 1695 415 1747 tremamus
432 1705 457 1746 ct
471 1697 537 1762 prod
550 1703 657 1746 οοοαιιιν
674 1711 691 1744 ο
706 1696 834 1762 plerisque
850 1693 979 1746 Matthaei
996 1693 1178 1756 σνιίισιιιιόιιοι,
1206 1693 1276 1746 tomo

124 1781 175 1841 iate,
187 1783 229 1848 pai
239 1781 344 1832 aridem
355 1779 432 1832 latet
440 1797 552 1842 menam,
565 1782 750 1832 caementarius
761 1780 890 1832 sorim'tur.
908 1779 979 1831 Idem
990 1779 1017 1831 in
1030 1779 1123 1848 Seript.
1136 1779 1231 1832 Eccles.
1245 1779 1276 1830 dc
1302 1791 1323 1829 a·
1336 1780 1367 1820 ⁵⁵·

124 1861 249 1918 hiatffiaeo
260 1879 342 1934 agam
358 1863 434 1918 huius
446 1865 601 1918 Hebraicum
617 1865 703 1933 ipsum
720 1865 748 1917 in
765 1863 927 1916 Caesariensi
942 1863 1100 1917 bibliotheca
1115 1869 1277 1916 asservatum

124 1954 202 2001 aetate
212 1965 261 2002 sna
272 1954 374 2014 narrat,
390 1951 465 2003 cuius
480 1949 530 2002 sibi
541 1966 557 2002 a
568 1947 706 2002 Nazaraeis
718 1949 883 2002 exscribendi
894 1949 1004 2002 facultas
1022 1949 1106 2001 tuerit.
1134 1949 1185 2002 Sed
1197 1949 1278 2002 Nara·

124 2047 235 2088 rasorum
253 2035 419 2104 evangellum
436 2049 601 2105 nequaquam
612 2031 737 2087 Matthaei
754 2049 907 2103 germanum
924 2035 982 2087 tuit.
1007 2033 1140 2088 Postremo
1152 2051 1216 2088 num
1227 2035 1277 2088 He·

123 2119 205 2173 hraica
214 2120 298 2175 reteri
308 2137 424 2190 puraque
435 2121 539 2190 lingna,
556 2137 590 2173 an
602 2120 721 2188 Syriaca,
734 2120 787 2172 sira
799 2119 1036 2188 hierosolymitana
1046 2121 1200 2190 vulgarique
1211 2121 1277 2174 Mat-

122 2202 208 2258 thaeus
224 2207 390 2276 erangclium
407 2207 557 2276 scripserit„
567 2205 671 2258 rronnisi
686 2221 720 2256 ex
738 2205 891 2258 coniecturis
907 2205 1071 2275 pronunciari
1089 2211 1182 2275 potest.
1208 2203 1277 2258 Nihil

122 2290 187 2344 enim
198 2291 263 2344 certi
275 2291 453 2362 exploratique
465 2292 499 2346 ab
511 2291 644 2344 autoribus
656 2289 750 2345 discas.

294 2446 340 2500 AD
359 2445 533 2500 namsia
549 2445 653 2508 xxii„
671 2443 760 2508 Quat
776 2443 840 2498 EST
857 2443 1100 2500 ebionitarum

177 2546 216 2602 it.
229 2565 260 2602 rs.
275 2548 362 2619 Γίγονε
375 2546 427 2614 δίη
439 2546 505 2620 ἀρχὴ
517 2548 626 2614 reiron]
656 2548 690 2600 At
703 2546 795 2600 Chron.
808 2547 934 2602 Alexand.
944 2567 969 2618 p.
980 2547 1037 2602 597.
1051 2549 1130 2602 refert
1139 2565 1207 2602 anne
1216 2549 1278 2602 'lhu-

120 2631 170 2685 iani
181 2651 254 2698 arm,
268 2633 381 2688 Candido
393 2640 419 2687 et
430 2633 559 2698 Quadrato
571 2633 657 2698 Coss,
669 2632 850 2686 Chionitarum
861 2635 996 2686 emersisse
1008 2639 1114 2689 sectam.

184 2717 216 2774 N.
230 2738 271 2774 nr.
289 2718 373 2771 ltelrb
385 2719 428 2789 μίν
440 2721 557 2791 πρῶτον]
581 2719 683 2789 Duplex
692 2718 870 2772 Chionitarum
878 2720 957 2772 factio
965 2719 1021 2772 init.
1048 2719 1116 2772 Nam
1127 2722 1171 2773 alii
1180 2736 1280 2775 merum

122 2817 150 2856 ac
161 2805 309 2876 simplicem
320 2805 453 2858 hominem
465 2806 614 2858 maerebant
631 2821 688 2858 esse
700 2805 786 2856 Iseum
807 2808 885 2873 atque
901 2819 918 2856 a
932 2803 1042 2874 Iosepho
1057 2806 1191 2876 hiarieque
1208 2808 1281 2876 geni·

13 2891 15 2898 ’
121 2893 182 2944 tum.
212 2891 267 2944 Alii
277 2905 292 2944 e
302 2896 393 2944 sonmo
404 2891 496 2961 spiritu
509 2907 525 2942 a
537 2891 637 2960 virgins
650 2895 798 2959 susceptum
810 2889 847 2940 itu
862 2889 1021 2957 fatebantur,
1038 2891 1076 2942 nti
1088 2891 1165 2944 denm
1178 2907 1208 2943 ao
1225 2907 1280 2943 rer·

122 2973 182 3028 bum
198 2991 259 3030 esse
274 2983 321 3028 ant
336 2976 455 3036 extitisse
472 2981 548 3030 antea
559 2980 692 3044 negarent.
727 2975 854 3027 Eusebius
866 2975 882 3026 l.
895 2993 934 3028 ιιι.
946 2992 968 3027 ο.
981 2992 1035 3028 xxr.
1049 2975 1175 3044 Origenes
1191 2981 1282 3029 contra

121 3057 225 3114 Cabum
236 3067 302 3114 tom.
314 3061 342 3114 2:
377 3059 467 3130 Ἐβίιον
479 3079 504 3112 τε
516 3057 588 3130 pipi
605 3060 705 3130 πτωχὸς
723 3057 788 3130 παρὰ
805 3057 929 3120 Ἰουδαίοις
947 3059 1068 3129 celticus,
1085 3061 1125 3111 καί
1143 3059 1282 3130 Ἐβιωναῖοι

121 3146 313 3216 χρηματίζουσιν
325 3144 347 3198 οί
359 3144 408 3198 derb
419 3144 545 3198 ’Ἰουδαίων
556 3143 599 3198 τὀν
611 3143 706 3210 Ἰησοῦν
718 3142 752 3205 ὡς
764 3143 868 3214 Χριστὸν
877 3143 1075 3216 παραδεξάμενοι.
1112 3145 1228 3209 Quorum
1237 3163 1282 3216 ge-

120 3245 181 3284 nera
190 3231 239 3286 ills
249 3232 302 3285 duc
313 3237 376 3285 tom.
385 3231 409 3285 3.
421 3237 619 3286 commemorat:
637 3223 713 3282 Οὗτοι
725 3230 753 3282 δέ
763 3227 819 3281 είσιν
832 3227 854 3280 οί
866 3229 941 3282 διττοί
953 3226 1104 3299 Ἐβιωνοίῑοι,
1116 3229 1170 3297 ἤτοι
1182 3229 1208 3284 ἐκ
1220 3249 1283 3301 σαρ-

121 3313 188 3368 ίίνον
200 3313 382 3388 ὁμολογοῦντος
395 3315 487 3386 ὁμοίως
498 3315 556 3387 ἡμίν
566 3317 610 3368 τὀν
626 3314 735 3382 Ἰησοῦν,
750 3316 766 3380 ἢ
784 3314 832 3384 οὐχ
850 3313 916 3365 οὕτω
932 3317 1086 3384 γεγενῆσθαι,
1103 3314 1158 3368 ἀλλ’
1176 3314 1209 3376 ὡς
1226 3317 1283 3377 τοὺς

120 3398 221 3462 λοιποὺς
240 3401 391 3473 ἀνθρώπους.
425 3403 521 3455 Verum
537 3401 728 3455 libionaeorum
743 3417 838 3453 nomen
850 3401 927 3453 letius
947 3400 1096 3454 extendisse
1107 3402 1188 3454 videri
1198 3407 1285 3473 potest

121 3485 304 3556 Origenee,ut
314 3487 460 3541 libionaeos
471 3488 530 3541 illos
540 3486 656 3558 appellet
667 3475 783 3556 quicum
795 3485 892 3554 alioqui
909 3485 941 3538 de
957 3484 1052 3539 Christi
1069 3487 1201 3540 diuinitate
1215 3493 1284 3540 recte

121 3575 262 3644 senfirent,
275 3589 334 3627 cum
347 3572 493 3628 Christiana
503 3573 628 3643 religione
638 3570 757 3624 Iudaicas
769 3571 925 3624 cerimonias
940 3572 1133 3640 amplectendas
1145 3572 1285 3626 crederent.

121 3656 195 3720 Quod
208 3659 316 3730 quidem
327 3663 399 3712 tomo
411 3657 434 3710 2.
445 3659 494 3712 sub
503 3659 605 3711 initium
613 3657 761 3727 significare
769 3657 878 3710 ridetur.
912 3655 1088 3710 'theodoretus
1098 3658 1285 3712 delibionaeis:

122 3741 170 3794 'l'os
184 3743 212 3796 dl
224 3744 308 3814 τιν’ριον
317 3741 412 3810 ’Ἰησοῦν
424 3743 526 3813 Χριστὸν
538 3740 563 3804 ἐξ
574 3741 666 3812 Ἰωσὴφ
679 3742 719 3793 καί
730 3745 772 3808 τῆς
781 3741 877 3812 Μαρίας
889 3739 962 3811 iprae
973 3743 1143 3813 γεγευνῆοθοι,
1157 3741 1285 3814 ἄνθρωπον

122 3827 164 3896 μὲν
176 3823 251 3897 ὄντα,
268 3826 341 3900 ripn}
352 3828 380 3881 dl
391 3827 431 3880 ael
443 3828 590 3897 rutupinum
602 3830 650 3879 τῶν
663 3824 747 3879 ἄλλων
760 3827 905 3897 διαφέροντα
916 3824 978 3879 κατὰ
991 3827 1017 3878 δὲ
1033 3828 1075 3882 τίον
1088 3829 1221 3882 Moesiaci
1239 3847 1285 3880 αο-

122 3911 251 3966 λιτιιίονια
261 3915 346 3984 νόριον.
380 3911 452 3984 Lego
465 3911 645 3982 uehiculorum,
657 3929 741 3982 neque
753 3912 786 3966 ad
798 3911 927 3966 Christum
939 3913 1028 3966 reterri
1039 3918 1110 3983 puto.

187 3998 221 4053 N.
230 4017 268 4054 rr:
285 3996 339 4052 Eiet
348 3997 375 4051 dl
386 3992 454 4050 οὗτοι
471 3995 532 4068 μετὰ
542 3995 585 4049 τὀν
597 3997 768 4068 carpitque]
803 3997 869 4052 Tam
878 3997 1083 4067 patriarcharum
1096 4015 1173 4068 quam
1182 4005 1285 4070 aposto·

123 4084 207 4138 lorum
220 4085 362 4155 dignitates
374 4100 404 4138 ac
416 4084 544 4138 uocabula
551 4083 620 4153 apud
632 4083 741 4136 Iudaeos
753 4083 857 4136 nonnisi
865 4089 926 4152 post
936 4084 1008 4136 urbis
1020 4085 1150 4137 excidium
1161 4092 1287 4154 usurpata

123 4169 253 4224 ridentur.
286 4169 324 4224 De
340 4169 490 4242 patriarchis
501 4170 528 4222 in
539 4167 635 4222 Theoti.
648 4167 711 4222 Ccd.
728 4168 772 4222 lib.
789 4185 842 4222 ιιι.
859 4169 898 4220 tit.
914 4185 970 4222 νιιι.
988 4169 1110 4238 frequens
1126 4175 1167 4222 est
1180 4172 1286 4223 mentio.

123 4253 156 4306 Et
167 4255 275 4325 quidem
287 4256 398 4326 apostoli
407 4253 568 4325 patriarchae
579 4253 651 4306 reiut
661 4269 806 4308 assessores
816 4269 849 4306 ex
861 4255 993 4306 communi
1005 4260 1033 4307 et
1047 4255 1143 4308 usitata
1153 4257 1225 4308 uocis
1241 4273 1287 4309 no·

125 4339 268 4396 henedicti
284 4347 357 4410 sunt,
379 4341 448 4412 quod
465 4341 498 4394 ad
513 4339 655 4409 exigendas
673 4355 689 4391 a
705 4339 849 4408 synagogis
865 4339 988 4408 pecunias
1004 4341 1037 4392 ab
1055 4341 1100 4393 ilio
1116 4342 1286 4410 mitterentur,
1349 4379 1352 4392 .

125 4433 155 4479 ut
166 4443 201 4480 ex
213 4425 278 4480 Cocl
290 4425 387 4481 theod.
398 4431 470 4497 patet
479 4427 497 4479 l.
508 4441 561 4480 mr.
579 4425 610 4478 de
625 4423 738 4489 Iudaeis;
759 4425 804 4494 qui
820 4424 891 4476 locos
908 4424 977 4493 quod
995 4425 1026 4478 ad
1038 4425 1210 4496 Epiphaniam
1229 4428 1287 4479 illu-

125 4510 264 4566 slrandum
275 4513 402 4583 imprimis
414 4512 526 4577 confert,
538 4511 580 4565 hic
587 4509 769 4564 adscribendus
779 4517 829 4562 est:
842 4509 1045 4579 Superstitiom's‚
1057 4512 1154 4582 inquit,
1165 4515 1288 4581 indebitae

126 4607 175 4665 cat,
189 4607 219 4650 at
231 4598 443 4668 ατσίίνροσρορί,
460 4601 512 4652 aies
519 4599 678 4668 presbytcri,
696 4597 860 4659 Ινιίοαονιοιι,
871 4598 913 4649 uel
920 4611 979 4666 puer
990 4601 1042 4666 ι’ρσί
1053 4600 1287 4667 apostataverant,

179 4700 248 4752 corp.
257 4701 425 4744 mutuentur.
1062 4699 1086 4754 D
