3216 5152
223 556 256 612 N.
268 576 304 614 ντ.
322 562 364 612 Δεῖ
376 559 453 612 τοίνυν
465 558 608 632 ἀμᾶσθαι]
627 557 715 612 Scribe
727 557 856 629 ἀρνεῖσθαι.

222 642 255 698 Ν.
267 661 315 700 rrr.
334 644 385 698 Τοῦ
397 643 540 716 Ἀβρσσάξ]
556 645 620 700 Vide
632 644 727 698 Baron.
739 645 773 698 ad
783 645 815 698 A.
827 660 887 698 cxx.

223 724 282 782 'loe
294 732 344 791 τοῖς
357 731 483 802 μαθήμασι
495 729 614 799 διαιρῶν]
636 730 709 784 nmo
720 731 858 784 lectionem
870 745 885 782 e
896 727 1022 783 Vaticano
1035 729 1217 786 substituimus
1228 731 1320 802 vulga·
1374 762 1378 774 ·

156 818 198 868 tss
213 813 252 870 llll
270 831 338 885 quse
348 817 484 888 perspicue
500 819 621 886 corrupta
638 816 751 879 videtur,
772 821 799 870 et
810 821 850 870 est
861 813 1020 869 huiusmodi:
1043 813 1099 875 icor
1116 819 1167 876 τοῖς
1179 816 1319 884 παθητικοῖς

156 899 293 970 διαιρέσεσι.
328 899 466 958 Gomarius
479 903 611 967 ποιητικοῖς
627 901 700 970 legit.
736 899 833 954 Sensus
850 917 927 971 porro
939 901 962 954 is
975 915 1031 954 esse
1049 907 1143 970 potest.
1178 901 1320 958 Bsaihdem

156 1000 262 1040 ccccxv
278 987 338 1042 illos
355 986 441 1042 coeloe
458 1003 492 1042 ex
503 984 691 1042 mathematicis
709 986 864 1051 rationibus,
885 1001 952 1056 quse
968 986 1074 1040 totidem
1092 986 1146 1039 dies
1163 1003 1251 1045 annuo
1263 989 1320 1044 orbi

154 1070 326 1142 praefiniunt,
337 1059 512 1128 constituisse
545 1071 629 1136 Quare
645 1087 679 1126 ex
694 1071 788 1126 iisdem
798 1071 850 1126 illis
862 1071 1104 1126 mathematicorum
1119 1072 1228 1127 decretis
1239 1075 1318 1143 paulo

155 1163 215 1226 post
233 1155 367 1212 hominem
382 1157 485 1216 refutat
520 1156 621 1230 Quippe
637 1173 697 1212 cnm
711 1163 814 1228 praeter
830 1171 918 1212 oecon
934 1157 988 1211 dies
1004 1175 1032 1212 νι
1051 1157 1157 1228 insuper
1176 1157 1255 1213 horae
1274 1159 1319 1214 tri·

155 1241 277 1298 humtnr.

220 1326 402 1398 Εὖρίσκεται
376 1347 424 1400 γαρ
436 1326 450 1382 ὁ
461 1325 589 1397 ἐνιαυτός]
607 1327 690 1384 Horae
702 1328 772 1400 apud
782 1327 956 1400 Epiphanium
968 1328 1170 1398 aequinoctiales
1182 1328 1247 1384 eluas
1258 1347 1318 1386 eon·

154 1411 246 1469 uuum
270 1412 444 1469 Videhaeres.
457 1431 492 1468 ur.

221 1497 312 1570 Εῐγιρ
324 1503 360 1570 τῷ
373 1497 495 1570 ἀνθρώπῳ
507 1495 578 1566 lert]
607 1498 905 1556 htlt.E1ioeThiobiin
921 1501 1041 1562 fl'ttt:
1052 1504 1094 1560 ‘uit
1112 1502 1221 1564 nimi
1238 1505 1317 1564 nm

155 1583 741 1650 ¹12⁸,coxnrrnmembrainhcmineeunt.
770 1585 805 1638 hc
820 1582 979 1654 Epiphanius
996 1584 1101 1638 nitesce
1114 1600 1236 1640 ccccxiv.
1261 1585 1318 1641 Nisi

153 1669 219 1724 lnrte
229 1687 278 1742 pro
291 1668 311 1722 sl
321 1670 461 1742 legendum
472 1670 506 1724 ait
518 1669 556 1726 οὐ.
581 1669 615 1724 Ut
623 1687 715 1724 sensns
727 1669 774 1736 sit,
786 1686 839 1724 nun
850 1685 907 1724 esee
918 1668 968 1723 365
980 1670 1107 1726 membre.
1131 1671 1198 1726 Tum
1210 1673 1279 1726 enim
1292 1677 1318 1726 et

155 1755 252 1827 τξέμτο
264 1753 315 1818 ret
328 1755 537 1810 substituendum
548 1757 605 1810 erit.

220 1841 252 1896 N.
260 1859 316 1896 vsu.
327 1837 394 1912 Ὀψε
406 1839 432 1894 tt
444 1840 486 1910 τὴν
495 1841 581 1908 ζωήν]
597 1841 644 1896 Hic
655 1841 727 1894 locus
740 1857 753 1892 e
766 1839 937 1905 Dentrxvrrr,
950 1840 990 1892 66.
1003 1841 1033 1894 de
1046 1838 1146 1895 Christo
1158 1859 1175 1896 a
1185 1844 1316 1898 nonnuliis

153 1924 200 1985 PP.
212 1927 297 2000 accipi
307 1928 385 1993 solet,
396 1932 426 1984 ut
436 1927 471 1981 ab
481 1926 550 1998 Aug.
563 1927 608 2002 lib.
620 1945 673 1983 τνι.
686 1931 775 1980 contra
785 1923 872 1979 Faust.
885 1941 908 1981 c.
921 1943 1005 1992 nnn,
1021 1926 1180 1984 Tertulliano
1192 1929 1210 1982 l.
1226 1935 1316 1982 eontra

153 2011 208 2071 luri.
220 2029 243 2070 c.
256 2030 294 2070 ιτ.

332 2147 378 2204 AD
395 2149 568 2206 mutusne
583 2149 678 2215 XXV,
696 2147 785 2213 QUAE
801 2147 866 2202 EST
883 2147 1146 2204 Nluoustunuuu.

219 2269 259 2326 De
272 2276 358 2326 sectce
370 2272 412 2325 vel
422 2276 512 2326 autore
524 2272 565 2326 rel
576 2268 700 2341 ἐπωνύμῳ
715 2275 815 2326 ueteres
831 2286 848 2323 a
863 2286 891 2324 ee
906 2269 1019 2324 invicem
1036 2269 1199 2325 dissentiunt.
1230 2270 1316 2342 Magi-

152 2361 236 2411 strunn
248 2357 342 2411 erroris
352 2357 434 2412 fuisse
444 2362 545 2429 praeter
553 2355 727 2428 Epiphanium
737 2362 844 2410 censent
851 2356 972 2410 henaena
983 2355 1028 2410 lib.
1041 2374 1058 2409 r.
1071 2372 1226 2426 estpars-rr„
1237 2357 1315 2426 lgna·

152 2443 216 2508 tius,
232 2442 387 2496 Philsstrius
403 2448 430 2496 et
445 2443 497 2496 ulii.
521 2444 556 2496 At
572 2442 651 2498 (ilem
667 2443 762 2498 ithus.
779 2441 874 2498 Strom.
892 2441 1029 2496 Nicolaum
1045 2457 1106 2494 cnm
1117 2442 1150 2496 ab
1163 2441 1220 2495 aliie
1233 2443 1315 2498 animi

152 2527 324 2592 ornamentis,
334 2533 391 2582 tum
402 2528 599 2600 atemperantia
609 2528 786 2594 commendat,
798 2529 905 2598 eiusque
917 2528 1032 2597 uligines
1043 2526 1111 2582 tiliae
1123 2527 1204 2580 luisse
1215 2539 1314 2594 narrem

152 2615 198 2668 scd
209 2631 243 2668 ex
256 2613 369 2684 quedem
379 2614 520 2679 renuntia,
537 2629 615 2684 quam
630 2615 653 2668 ia
671 2629 759 2668 coram
774 2614 898 2685 apostolis
911 2613 1023 2676 dixerut,
1042 2613 1091 2664 δεῖν
1108 2613 1314 2684 παραχρήσασθαι

152 2703 182 2770 τῇ
193 2698 278 2770 σαρκὶ,
290 2697 415 2770 flagitiosi
425 2699 555 2770 dogmatis
567 2700 730 2754 occasionem
741 2717 798 2754 esse
809 2705 906 2752 nutam.
927 2699 970 2752 Sic
981 2699 1052 2754 enim
1063 2699 1107 2752 ille
1118 2698 1201 2753 lib.11.
1214 2699 1313 2755 Stmm:

153 2784 267 2838 Τοιαῦται
282 2783 309 2838 δὲ
325 2785 365 2837 καλ
381 2783 404 2838 ol
415 2784 547 2856 φάσκοντας
557 2783 656 2846 ἑαυτοὺς
668 2783 784 2856 Νικολάῳ
796 2785 894 2838 ἕπεσθαι
906 2781 1114 2854 ἀπομνημόνευμᾶ
1125 2799 1148 2836 τι
1159 2781 1261 2854 script<
1273 2783 1314 2854 ,1-

153 2889 232 2940 μοντες
244 2868 273 2924 ἐκ
281 2874 438 2941 παρατροπῆς
454 2870 483 2924 τ“ο
500 2871 548 2924 δεῖν
561 2872 734 2942 παμπχρῆσθοιι
749 2875 779 2941 τῇ
792 2869 870 2940 σαρκί.
900 2867 968 2922 Ἀλλ’
986 2867 999 2930 ,ὅ
1019 2868 1061 2939 μὲν
1078 2870 1187 2937 γενναῖος
1204 2868 1313 2922 κολούειν

153 2956 200 3010 tus
212 2955 304 3023 ἰδνίλον
315 2953 358 3018 τάς
370 2973 395 3008 τε
406 2955 508 3028 ἡδονὰς,
524 2955 567 3018 τάς
579 2974 604 3010 τε
615 2954 754 3026 ἐπιθυμίας,
771 2955 811 3008 καλ
827 2959 856 3026 τῇ
873 2953 972 3022 ἀσκήσει
988 2955 1063 3022 ταύτῃ
1076 2952 1259 3024 καταμαραίνων
1271 2954 1313 3014 τὰς

152 3045 194 3108 τῆς
205 3041 299 3112 σαρκὸς
311 3039 388 3112 ὁρμάς
405 3059 431 3094 τε
442 3041 483 3095 καλ
493 3039 614 3104 ἐπιθέσεις·
637 3040 660 3094 οἱ
671 3041 697 3096 δὲ
710 3040 741 3103 εἰς
753 3039 842 3108 ἡδονὴν
854 3037 951 3112 τράγων
964 3038 1031 3104 δίκην
1044 3036 1182 3109 ἐκχυθέντες
1195 3032 1245 3091 οἷον
1257 3035 1313 3108 ipu-

152 3126 273 3198 βρίζοντες
284 3131 321 3197 τῷ
333 3127 430 3198 σώματι
441 3127 660 3194 καθηδυπαθοῦσιν.

217 3212 250 3267 u.
263 3229 291 3266 o.
314 3210 400 3284 οεμεν
415 3217 459 3266 ωε
472 3211 647 3282 ἰωκιμωντ
676 3185 767 3286 erbe
780 3217 806 3266 οι
817 3217 889 3273 μιν
903 3210 1040 3266 tuocum
1051 3209 1160 3277 emetur,
1173 3211 1249 3281 quaer
1259 3229 1313 3264 aa·

154 3303 240 3352 νήεσσι
247 3307 355 3370 potrum
367 3317 399 3352 ue
412 3303 624 3370 propupctriccm
636 3304 685 3352 οιίικ
698 3301 801 3354 duee.

217 3383 294 3438 Nm.
311 3383 444 3456 Πμσῦνικον
454 3385 500 3456 γὰρ
510 3382 550 3438 ἐὰν
559 3383 664 3452 εἴπωσι]
682 3382 814 3456 Προύνικος
822 3381 951 3453 Hesychio
961 3383 1078 3438 baiulum
1087 3397 1117 3435 ae
1125 3383 1314 3436 mercenarium

152 3467 294 3540 signifieat:
312 3467 343 3522 Ol
356 3469 443 3540 μισθοῦ
455 3470 594 3540 κομίζοντες
611 3468 642 3522 τὰ
658 3469 717 3522 ὤνια
734 3467 781 3521 ἀπο
799 3472 839 3536 τῆς
857 3467 959 3539 ἀγορᾶς,
976 3467 1082 3529 οὕστινας
1094 3467 1257 3538 κτανδαρίωνας
1269 3487 1313 3520 κα-

152 3553 236 3624 λοῦσι,
255 3554 365 3626 δρομῆς,
378 3559 469 3626 ταχεῖς,
482 3551 551 3624 ὀξεῖς,
568 3553 698 3623 εὐκίνητοι,
711 3554 811 3626 γομγολ,
825 3553 950 3625 μισθωτοί.
970 3554 1042 3608 Idem
1052 3553 1106 3608 fere
1117 3553 1187 3624 apud
1197 3553 1313 3608 Suidann.

152 3639 237 3711 Vulgo
245 3637 319 3710 sup'o
328 3644 354 3694 et
362 3637 444 3692 ἐνείκω
453 3641 590 3707 deducunt,
601 3647 648 3696 aut
656 3658 672 3694 a
681 3638 729 3712 προ
738 3647 764 3694 et
773 3644 857 3700 νεῖκος.
874 3639 942 3694 Nam
951 3645 978 3693 et
986 3639 1098 3712 ὑβριστὴν
1107 3641 1313 3710 interpretantur,

151 3725 239 3796 itsque
249 3724 418 3782 Plistonices.
449 3726 499 3791 Qui
515 3730 542 3780 et
557 3726 628 3781 cidit
643 3726 745 3797 πόριλος
762 3725 791 3778 r'o
809 3724 910 3781 αἰδοῖον.
939 3724 1014 3790 Quod
1025 3726 1193 3795 deprevatum
1205 3725 1312 3778 ridetur.

154 3810 205 3866 Sed
223 3827 302 3866 nemo
319 3811 432 3866 notionis
448 3813 503 3866 eiua
519 3829 598 3882 quam
615 3812 776 3883 Epiphanius
793 3813 818 3865 ei
834 3812 893 3866 roci
909 3811 1000 3866 tribuit
1015 3811 1174 3864 mentionem
1189 3809 1263 3874 lacit,
1283 3815 1314 3864 ut

154 3897 221 3952 idern
232 3897 266 3952 sit
278 3897 347 3968 qnod
359 3895 514 3967 πορνεύεσθαι
525 3899 567 3951 vel
579 3897 687 3967 φθείρειν.
711 3897 749 3950 hc
761 3897 887 3968 suspicari
898 3897 958 3950 licet
969 3897 996 3950 in
1008 3910 1040 3948 ca
1051 3895 1241 3966 significatione
1253 3895 1312 3960 dici,

155 3983 228 4053 qussi
240 3982 385 4052 reputacione
398 3987 424 4036 et
435 3982 556 4052 πομνικόν.
583 3982 629 4036 Vir
646 3983 752 4053 quidam
768 3983 858 4036 doctus
875 3981 944 4052 spud
960 3981 1105 4050 Diogenem
1121 3981 1149 4034 in
1164 3979 1312 4034 Xenocrate

154 4083 242 4122 rocem
257 4068 331 4122 illem
341 4083 421 4121 ansus
440 4072 480 4122 est
494 4067 647 4132 rescribere,
663 4084 709 4138 pro
727 4085 758 4122 eo
776 4068 843 4138 qnod
860 4068 939 4136 uulgo
954 4067 1049 4136 legitur
1066 4065 1202 4138 πομνικσὶις.
1227 4065 1313 4120 Verba

154 4151 277 4224 Diogenis
288 4151 353 4206 λεεο
364 4157 436 4206 sunts
449 4151 489 4204 καλ
500 4151 579 4204 εἴποτε
591 4152 680 4223 μέλλοι
691 4151 723 4214 εἰς
735 4150 796 4206 ἄστυ
808 4151 908 4218 ἀπιέναι,
921 4151 980 4221 φασὶ
989 4151 1045 4212 τοὺς
1054 4150 1213 4221 θομονβώδεις
1221 4148 1311 4212 πάντας

124 4274 126 4287 .
156 4237 193 4292 ael
204 4237 332 4310 πορνικολς
344 4235 503 4290 ὑποστέλλειν
515 4236 591 4290 αὐτοῦ
604 4242 633 4309 τῇ
646 4239 758 4308 παρόδῳ.
784 4240 881 4293 Verum
892 4237 948 4290 aine
960 4241 1076 4290 veterum
1092 4238 1229 4290 autoritate
1241 4237 1311 4290 codi-
1335 4266 1357 4306 μ.
1365 4255 1396 4296 νς,

156 4339 212 4378 enm
229 4323 304 4378 usias
320 4327 361 4377 est
372 4323 469 4393 aliquid
480 4324 626 4381 immutare.
643 4324 720 4395 Apud
730 4323 888 4393 hesychium
899 4339 972 4388 vero,
985 4329 1014 4376 ut
1024 4327 1092 4376 reete
1104 4323 1224 4376 observat
1234 4319 1310 4390 idem,

156 4408 182 4462 in
191 4409 317 4464 vocabolo
330 4405 478 4478 Σκίταλοι,’
465 4427 514 4461 απο
526 4411 575 4460 τῶν
588 4405 701 4479 ἇμροδισί
701 4428 745 4480 ων,
757 4409 837 4464 καλ
808 4427 850 4476 της
863 4407 1001 4480 προῦνικίας
1013 4411 1152 4478 νυκτερινῆς
1173 4407 1224 4462 Ubi
1235 4405 1310 4480 προῦ-

157 4494 216 4548 suuis
226 4511 272 4566 pro
282 4512 311 4550 re
322 4509 432 4550 venerea
445 4500 570 4566 usurpate
580 4495 690 4550 videtur.

220 4579 520 4652 Κανλσνκαὶνχγόιμέντῇ
532 4575 641 4653 ‘fluctui
670 4579 754 4635 Locus
766 4579 809 4634 ulle
820 4580 902 4636 Isarae
914 4597 1011 4646 xxvru
1023 4595 1088 4634 cnm.
1104 4579 1142 4634 10.
1154 4585 1182 4636 et
1194 4579 1233 4637 13
1245 4579 1309 4652 legi-
