3252 5158
332 357 402 414 0Χο

331 517 436 566 centum
447 512 524 566 annis
535 510 702 582 Olympiadas
715 512 900 577 antecessisse,
911 527 1022 582 quarum
1033 511 1138 566 imdum
1149 527 1234 566 annus
1246 516 1287 566 eat
1296 511 1325 566 in
1335 527 1391 584 per.
1400 509 1494 566 lulium

330 597 406 652 3938.
425 597 568 652 Constituto
581 597 717 651 Medorum
728 597 838 667 imperio
849 597 900 651 duo
914 597 1041 668 quaedam
1053 597 1105 650 alia
1116 598 1242 668 paulatim
1254 595 1437 660 effloruerunt,
1448 595 1495 650 As·

331 684 460 753 syriorum
469 701 499 736 ao
508 681 723 752 Babyloniorum,
736 683 908 753 quaehssyrii
917 683 986 736 illius
996 683 1106 736 maximi
1114 699 1145 736 ao
1155 683 1268 736 diuturni
1277 682 1348 736 velut
1356 681 1495 752 naufragio
1611 715 1612 720 κ

331 767 451 822 disiectas
463 768 561 839 ubique
572 769 674 822 tabulas
686 769 857 839 arripuerrmt
889 766 1004 832 Quorum
1016 769 1084 840 apud
1097 773 1201 822 exteros
1213 769 1352 838 scriptores
1362 767 1496 838 pertenuis

331 860 372 907 est
383 860 409 907 at
420 855 532 908 obscura
542 854 680 920 memoris,
692 855 720 907 in
731 855 811 908 sacris
824 871 884 908 vero
896 855 977 908 literis
989 871 1048 908 curn
1060 855 1210 919 ambomm,
1221 859 1278 907 tum
1288 853 1497 922 Babyloniorum

330 941 482 1010 praesertim
494 940 626 993 luculenta
641 945 680 993 est
692 955 721 992 ac
733 939 856 1010 frequens
873 940 978 993 mentio.
1013 939 1065 994 Sed
1081 940 1179 1011 priores
1196 943 1375 992 memorantur
1386 938 1497 1006 Assyrii,

331 1041 441 1094 quorum
453 1025 552 1095 primus
563 1044 598 1082 ry.
610 1025 675 1095 Bag.
686 1043 729 1092 xv,
744 1024 783 1080 19.
802 1026 910 1080 occurrit
925 1025 1004 1090 Phul,
1022 1026 1067 1095 qui
1079 1033 1105 1078 ct
1117 1024 1245 1078 Belochus
1257 1024 1358 1079 dicitnr.
1392 1023 1497 1076 Bonos

330 1109 414 1164 Medis
426 1109 549 1164 defecisse
561 1111 694 1181 probabile
707 1117 754 1166 est.
790 1111 923 1164 Successit
933 1109 1045 1180 'legistis
1055 1108 1193 1164 Phalassar
1205 1109 1267 1166 ibid.
1280 1126 1347 1163 com.
1356 1107 1399 1163 29.
1433 1107 1496 1164 Inde

331 1195 513 1250 Salmanassar
529 1215 565 1251 ιν.
580 1196 646 1265 Reg.
663 1213 731 1266 narr,
747 1195 772 1251 3.
808 1197 875 1250 Tum
893 1195 1068 1250 Sennacherib
1085 1197 1141 1250 eius
1158 1195 1228 1250 lilius
1238 1214 1274 1249 ry.
1286 1194 1351 1265 Bag.
1361 1211 1443 1258 astu,
1457 1192 1496 1247 13.
1611 1213 1612 1220 ¹

329 1281 480 1335 Postremus
492 1281 543 1335 luit
551 1281 715 1335 Assaraddou
727 1297 783 1353 cap.
793 1299 853 1347 nur,
865 1281 906 1336 37.
924 1281 980 1334 lam
989 1297 1049 1334 vero
1061 1282 1162 1352 primns
1170 1281 1336 1351 Assyriorum
1347 1279 1497 1352 principum

329 1365 394 1420 Phul
406 1366 456 1420 soh
467 1365 598 1420 Manahan
609 1365 713 1420 Israslis
731 1373 758 1420 et
769 1368 861 1421 Maria
871 1367 951 1421 Iudas
967 1383 1030 1437 rega
1046 1367 1193 1421 collocatur.
1228 1367 1332 1419 Marias
1349 1365 1411 1420 iniit
1426 1381 1495 1419 anne

329 1451 451 1523 perlui,
462 1457 492 1505 ut
503 1452 666 1518 arbitramur,
677 1451 752 1506 3905.
780 1451 865 1516 Quare
877 1453 1043 1522 Assyriorum
1055 1468 1179 1522 regnum,
1191 1452 1261 1522 quod
1272 1452 1321 1505 sub
1332 1451 1428 1505 Asaria
1437 1451 1495 1504 lun·
1611 1479 1612 1532 3

328 1537 419 1590 datum
431 1543 482 1602 est,
493 1538 572 1608 longe
583 1538 712 1609 posterius
725 1544 765 1591 est
775 1538 911 1592 Medorum
923 1539 997 1615 initio
1009 1537 1128 1592 uidelicet
1139 1538 1214 1591 annis
1225 1537 1279 1591 iere
1291 1555 1352 1590 nxx.
1377 1535 1420 1590 ad
1432 1534 1495 1590 haec

329 1621 453 1676 Ezechias
470 1624 555 1693 coepit
569 1641 602 1678 en
619 1623 803 1693 chronologiae
819 1629 924 1678 nostras
940 1624 1081 1678 ratiociniis
1097 1639 1150 1694 per.
1160 1621 1293 1677 luteast.
1326 1621 1396 1692 lirgo
1409 1637 1494 1676 annua
1611 1663 1612 1688 ,

329 1710 385 1764 eins
398 1725 459 1774 xrs,
472 1725 524 1780 quo
536 1708 712 1763 Sennacherib
724 1709 873 1763 interiectus
885 1709 993 1774 udatur,
1005 1707 1251 1780 estper.lul.4l1l0.
1265 1708 1374 1762 circiter.

396 1795 430 1848 At
440 1794 645 1864 Babyloniorum
657 1810 780 1864 regnum,
792 1794 816 1848 si
828 1811 843 1847 a
854 1793 1036 1848 Nabonassaro
1048 1800 1163 1865 repetas,
1175 1793 1275 1863 aliquot
1286 1793 1362 1846 annis
1373 1799 1437 1863 post
1446 1792 1494 1846 Aa·

329 1879 458 1948 syriorum
469 1880 573 1934 initium
584 1880 678 1936 extitit.
707 1879 797 1950 Coepit
808 1880 877 1933 enim
889 1878 1066 1934 Nabonassari
1077 1897 1138 1933 aera
1148 1877 1284 1949 Babylone
1294 1895 1347 1948 per.
1357 1877 1407 1932 lnl.
1416 1876 1492 1932 ³967.

328 1964 431 2020 Primus
443 1971 530 2018 autem
542 1982 556 2018 e
568 1965 720 2035 Babyloniis
735 1966 841 2036 regibus
857 1965 885 2018 in
901 1966 1034 2037 scripturis
1050 1966 1199 2019 nominatur
1209 1962 1349 2018 Marodach
1359 1963 1433 2018 tilius
1444 1961 1494 2016 Ba·

328 2050 405 2104 ledan
416 2069 452 2107 ru.
463 2050 528 2121 Bag.
538 2068 582 2116 xx,
597 2050 635 2104 12.
648 2051 717 2105 circa
725 2067 823 2104 annum
832 2049 956 2104 Bacchiae
969 2051 1015 2115 14,
1028 2049 1312 2122 cheaper.lu1.40ffl.‚
1324 2048 1417 2103 eodem
1429 2055 1493 2103 tem·
1611 2047 1612 2086 l

330 2151 392 2206 pore
405 2153 456 2205 quo
469 2135 644 2190 Sennacherib
655 2144 682 2190 et
693 2136 859 2190 assaraddon
871 2137 898 2189 in
907 2137 1016 2205 Assyria
1026 2135 1179 2206 regnabant.
1199 2135 1283 2198 Quare
1291 2131 1435 2188 Merodarh
1445 2135 1493 2188 iste

328 2223 368 2274 vel
380 2221 450 2275 idem
462 2227 501 2274 est
512 2239 571 2276 cum
583 2221 777 2286 Nabonassaro,
794 2222 835 2275 vel
850 2223 938 2292 potius
950 2220 1066 2274 Baladan
1078 2219 1228 2274 Merodachi
1242 2227 1323 2291 pater,
1338 2237 1355 2273 a
1372 2236 1426 2291 qno
1443 2219 1492 2274 Ba·

330 2307 478 2377 hylonioum
489 2308 625 2377 imperium
641 2306 673 2361 ad
684 2305 964 2361 Nabuchodonosorem
980 2313 1007 2360 et
1021 2313 1139 2377 posteros
1155 2323 1238 2377 nsque
1253 2313 1430 2377 propagatum
1445 2311 1491 2372 eal,
1611 2375 1612 2388 χ

328 2393 409 2445 donec
422 2391 514 2470 acyro
527 2403 553 2446 et
561 2393 645 2446 Persis
657 2394 800 2446 extinctum
812 2399 859 2447 est.
877 2392 915 2446 De
923 2391 1109 2464 posterioribus
1119 2392 1232 2462 Assyriis
1245 2392 1363 2462 suspicor
1373 2392 1492 2446 locutum

327 2477 514 2548 Epiphanium‚
526 2478 612 2548 potius
622 2495 700 2548 quam
709 2478 741 2532 ds
753 2478 868 2548 antiquis
879 2478 938 2531 illis.
956 2477 1039 2542 Quem
1050 2495 1099 2532 nos
1111 2483 1141 2531 ut
1152 2478 1184 2531 ab
1197 2493 1281 2531 errore
1293 2484 1429 2549 utcunque
1438 2478 1491 2532 vio·

328 2563 456 2629 dicemus,
468 2569 596 2634 quatenus
604 2563 695 2618 Medos
705 2563 856 2633 Babyloniis
865 2565 1021 2634 posteriores
1029 2564 1130 2634 posuit,
1142 2563 1175 2616 ad
1184 2563 1291 2618 Darium
1300 2563 1376 2617 illum
1384 2561 1491 2617 Medum

327 2650 474 2721 respexisse
486 2647 625 2714 credimus,
642 2650 688 2720 qui
700 2667 732 2702 ex
744 2650 886 2702 multorum
898 2651 1027 2704 sententia
1038 2649 1174 2704 Medorum
1186 2659 1333 2720 postremus
1344 2665 1394 2702 rex
1403 2647 1458 2703 tuis
1467 2653 1492 2702 et

327 2751 387 2789 enm
399 2733 479 2803 Cyro,
495 2733 629 2804 Babylone
641 2741 728 2806 capta,
745 2734 854 2788 eandem
871 2735 943 2788 solus
955 2735 1074 2789 obtinuit
1109 2733 1183 2798 Quod
1195 2736 1244 2789 atsi
1254 2750 1423 2806 nequaquam
1434 2751 1491 2806 pro·

327 2821 421 2874 bamus
433 2823 528 2890 (nequa
540 2820 609 2874 anim
621 2819 716 2874 Darius
733 2821 776 2873 ille
788 2819 902 2874 Danielis
914 2820 1050 2874 Medorum
1066 2837 1113 2874 rex
1129 2819 1204 2886 tuit),
1221 2819 1391 2875 nihilominus
1407 2836 1444 2875 ex
1459 2837 1490 2874 so

326 2907 443 2962 mmasit
453 2913 618 2978 praepostera
629 2906 675 2959 illa
686 2921 825 2976 regnorum
842 2905 910 2977 apud
926 2905 1103 2977 Epiphaniam
1119 2905 1273 2962 distributio.
1296 2906 1421 2978 Aliequin
1438 2921 1490 2960 cer·

326 2991 429 3046 timim
451 3001 491 3045 est
512 2997 538 3044 et
559 2991 591 3045 ad
614 2991 729 3046 Danielis
745 2992 873 3046 amionem
892 2991 1164 3046 accommodatissima
1182 2991 1334 3061 Hieronymi
1352 2993 1491 3060 montis

328 3085 437 3148 quatuor
449 3077 573 3130 animalia
584 3077 691 3132 totidem
702 3078 811 3150 imperia
822 3077 983 3149 significare,
999 3076 1219 3148 Babyloniorum,
1235 3077 1388 3144 Persarum,
1404 3078 1491 3134 Mace-

327 3163 436 3230 donum,
448 3163 632 3217 Romanorum.

394 3246 544 3319 Ἐπιτρέπειν
553 3253 604 3309 τοῖς
614 3245 702 3300 ἔθνεσιν
712 3247 742 3310 ris
751 3247 880 3319 πόλεμον]
899 3247 930 3303 ‘0
940 3253 1005 3310 νοῦςι
1018 3249 1112 3318 Angeli
1124 3249 1259 3302 nationum
1269 3247 1402 3320 praesidas
1411 3249 1491 3304 tium'

327 3334 473 3389 detinentur
484 3334 704 3405 prohibsutnrque
715 3351 748 3388 ne
760 3334 889 3389 subiectos
901 3334 952 3388 sibi
961 3335 1073 3405 populos
1085 3333 1117 3388 ad
1129 3334 1196 3388 bella
1206 3341 1355 3406 provocent.

527 3557 573 3610 an
590 3555 763 3612 nonnosus
778 3557 841 3622 su,
859 3553 948 3622 onan
964 3555 1029 3612 nsn
1046 3539 1283 3612 normannum.

394 3677 582 3748 Spuroissimee
591 3675 668 3730 buius
677 3676 791 3731 haeresis
801 3683 918 3732 autorem
928 3676 1104 3732 Theodoretus
1115 3677 1179 3732 iacit
1189 3677 1334 3744 Prodicum,
1345 3677 1423 3732 ouius
1434 3693 1489 3732 ma

326 3763 402 3818 minit
413 3763 493 3817 Clam.
502 3780 542 3818 ru.
553 3761 648 3816 Strom.

393 3849 423 3904 N.
436 3867 464 3905 ιν.
483 3847 528 3900 Διὰ
539 3847 567 3900 r'o
580 3839 638 3900 sisar
650 3843 745 3918 idpsum]
766 3849 827 3904 Hes.
841 3844 923 3919 'napa
936 3847 1025 3919 ἀτμὸς,
1038 3848 1130 3910 καπνὸς
1142 3847 1243 3915 lambe,
1255 3845 1328 3920 daupei.

394 3933 467 4001 Δίκην
480 3932 652 4005 Καμψαρίων.]
672 3931 744 3986 ldem
755 3933 815 3987 Has.
828 3931 926 4004 κάμψιν,
940 3933 1013 4004 θήκη,
1026 3934 1236 4006 γλωσσοκομεῖον.
1253 3933 1288 3987 Bt
1297 3933 1406 4005 καμψία,
1417 3936 1488 4004 κανᾶ,

326 4020 444 4075 κανίσκια.
462 4017 569 4074 Suidas:
582 4017 661 4089 liddae,
674 4017 752 4088 κίστη,
764 4019 779 4084 ἢ
793 4017 862 4085 θήκη.
880 4018 963 4089 Igitur
975 4021 1085 4090 capsarii
1096 4026 1158 4074 sunt
1168 4016 1365 4090 ἱματιοφόλακες,
1377 4017 1429 4074 hoe
1439 4029 1488 4085 sai.

326 4113 356 4160 nt
365 4107 469 4178 glossae
480 4104 602 4170 reddunt,
614 4107 738 4158 castorii.
771 4103 855 4174 Supra
865 4105 893 4158 in
903 4105 1013 4159 Hebion.
1026 4107 1135 4159 oleoea'os
1145 4105 1263 4160 uocabat
1297 4103 1395 4160 Paulus
1405 4105 1453 4161 lib.
1461 4104 1487 4161 3.

327 4195 350 4260 ξ.
361 4193 445 4248 ultim
457 4191 488 4246 D.
500 4190 532 4244 de
544 4189 618 4246 Ollio.
631 4189 714 4244 Praet
724 4190 783 4261 Vig.
795 4189 886 4244 eadem
896 4205 959 4244 soce
971 4191 1147 4262 capsariorum
1157 4191 1278 4262 appellat.

509 4411 554 4468 AD
571 4411 744 4468 BAERBSIM
760 4411 834 4478 L111,
852 4410 941 4478 QUAB
957 4411 1020 4468 liST
1038 4411 1297 4468 SAMPSAEOBUM

394 4533 431 4586 lie
443 4549 474 4588 aa
485 4534 538 4588 iam
550 4534 578 4588 in
589 4534 764 4606 superioribus
777 4533 903 4600 diximus,
914 4538 944 4588 ut
955 4539 982 4587 et
992 4533 1024 4586 de
1034 4531 1147 4599 Bhaeo,
1159 4535 1214 4591 sive
1224 4533 1308 4590 ursas
