3274 5154
330 391 509 448 mxxxiv

395 547 427 601 N.
437 563 477 603 ιιι.
503 547 620 618 Καθαρώς
632 546 675 615 ripa
686 552 730 602 τοῦ
742 547 767 610 ἐξ
778 547 930 620 ἀσωμάτου]
953 547 1060 620 1103.qu
1072 548 1116 618 τὴν
1127 553 1180 603 τοίί.

394 631 426 686 N.
439 652 463 686 v.
486 631 530 693 Ὦς
543 630 555 684 h
568 631 674 695 τετοκώς
687 633 775 703 βόλους
792 635 903 706 δρόσου]
935 633 1067 699 Quaedam
1084 635 1244 706 exemplaria
1260 653 1307 706 pro
1325 635 1417 704 βόλους
1424 649 1490 794 ἐξ*

328 733 416 790 peram
429 715 524 788 βώλους
536 717 672 784 exhibent,
689 719 738 772 heo
749 725 790 772 est
798 721 896 788 pistos.
931 719 999 774 Nam
1011 720 1136 773 Hebraico
1148 721 1274 792 scriptum
1285 728 1325 774 est
1341 689 1393 793 Sta
1411 727 1423 764 ἱ

327 806 411 857 andos
422 808 498 858 rats.
520 804 595 874 Apud
606 803 787 858 Naaauaeuum
800 804 870 860 Orat.
880 823 970 860 xxxrv.
984 806 1051 859 circa
1066 805 1147 859 tinem
1162 807 1290 876 interpres
1304 807 1396 874 pletas
1406 807 1491 870 satit,

328 891 403 960 quast
415 888 509 958 βώλους
521 889 689 960 exscripserit
699 889 876 944 Nazanaouue.
899 891 980 962 Atqui
990 907 1045 944 uon
1056 891 1133 944 medo
1145 892 1173 944 in
1184 892 1300 956 excusis,
1312 891 1360 944 aed
1371 891 1453 944 stiam
1464 893 1492 944 iu

326 976 504 1028 vetustissimo
516 975 580 1045 Reg.
593 974 681 1044 βόλους
694 975 763 1045 apud
773 974 893 1040 Nazana,
910 993 963 1030 nou
978 975 1087 1046 βώλους,
1104 983 1185 1030 extat
1221 975 1363 1048 Gregorius
1375 977 1492 1046 Magnos

327 1059 450 1114 libam
459 1061 551 1114 Moral.
560 1076 616 1130 cap.
623 1077 666 1113 xv.
677 1061 765 1113 stelias
772 1065 840 1114 soris
850 1061 947 1132 legisse
958 1061 1066 1127 ridetur,
1079 1062 1148 1132 quod
1159 1062 1312 1116 mendosum
1324 1068 1374 1117 est.
1394 1061 1492 1115 Genua
1609 1105 1610 1110 ,

326 1145 418 1200 Enoch.
427 1164 499 1211 asu,
513 1145 552 1198 10.
566 1144 640 1214 βόλος
652 1146 721 1216 apud
733 1163 794 1200 axx.
806 1147 935 1212 scribitur,
946 1147 992 1200 ubi
1004 1146 1085 1216 βῶλος
1097 1148 1305 1202 substituendum
1317 1146 1361 1199 οίιν
1370 1150 1411 1218 τῷ
1420 1145 1491 1218 βώλῳ

327 1235 369 1299 τῆς
381 1229 499 1298 ἀνατολῆς
511 1229 585 1296 aaa,
598 1230 776 1300 ξηρανθιίσεται.
805 1232 910 1286 Hieron.
922 1249 955 1285 ex
967 1249 1029 1286 cxx.
1042 1251 1097 1286 oum
1107 1235 1183 1301 pista
1193 1237 1368 1302 perminimi
1380 1241 1491 1295 arsami,

327 1317 397 1388 quod
406 1324 431 1370 et
439 1315 615 1370 Theodoretua
625 1317 752 1386 agnoscit
768 1317 874 1370 Rectius
886 1317 964 1371 editio
975 1323 1075 1370 nouitas
1088 1323 1115 1370 in
1125 1323 1195 1370 aree'a
1201 1321 1325 1387 permittis
1332 1323 1374 1370 αι’
1383 1327 1491 1370 aranee.

327 1402 395 1456 Nam
406 1401 532 1454 Hebraico
548 1409 588 1454 est
603 1406 725 1468 nti'ti’,
741 1402 768 1455 id
784 1409 824 1455 ast
840 1421 913 1457 orco.
935 1403 1015 1473 Atqui
1027 1405 1148 1457 uficuius
1160 1404 1217 1474 ipae
1228 1404 1366 1458 masculini
1378 1404 1491 1473 genesis,

328 1489 374 1559 qui
385 1488 463 1542 etiam
474 1486 544 1557 apud
555 1485 742 1541 Theodoretum
756 1486 833 1557 βώλῳ
844 1487 1004 1558 praefigitur,
1023 1487 1092 1559 βόλῳ
1110 1489 1246 1560 scripsisse
1262 1505 1323 1544 ιιι,
1335 1490 1491 1559 interpretes

328 1574 496 1627 demonstrat.

395 1657 427 1713 N.
440 1675 465 1711 x.
483 1655 595 1718 ίίαλυίτις
607 1661 636 1728 τῇ
648 1657 741 1729 σοφίᾳ]
764 1657 913 1729 Sequuntur
924 1657 1146 1725 anathematismi,
1156 1659 1291 1731 paululum
1303 1659 1338 1712 ab
1349 1659 1383 1712 iis
1396 1659 1491 1712 disern

328 1761 394 1816 quos
406 1759 441 1797 ex
452 1743 542 1797 eadem
555 1743 774 1798 Samiariauorum
785 1745 885 1812 syuodo
897 1745 988 1798 recitat
999 1743 1120 1800 Hilarius.

395 1829 428 1882 N·
440 1847 477 1884 ιιι.
502 1825 547 1880 Καί
559 1827 623 1888 εἴτις
635 1825 731 1889 ἐξουσία
748 1828 788 1880 καί
806 1828 896 1901 οὐσία]
929 1829 1080 1883 Postremus
1100 1829 1142 1883 hic
1163 1831 1401 1884 anahemab'smus
1422 1830 1491 1900 apud

327 1915 454 1969 Hilarium
465 1931 519 1967 non
528 1919 665 1984 comperet,
677 1915 786 1984 quisine
796 1914 873 1968 dubio
882 1913 1027 1970 haereticus
1039 1921 1086 1981 est,
1099 1921 1228 1986 quatenus
1239 1915 1491 1970 consubstantiales

328 2017 386 2054 ease
397 2001 464 2070 patri
474 1999 558 2052 filium
568 2005 661 2070 negat,
677 1998 873 2071 honestaeque
885 1998 1025 2069 ὁμουιίσιον,
1042 2017 1127 2071 nequa
1142 2002 1284 2054 rausedone
1300 2017 1374 2065 essa,
1393 2001 1490 2054 defluit.

328 2085 380 2140 Sed
391 2083 523 2156 ίμοοιίοιον
533 2093 669 2156 propterea
683 2085 811 2155 repudiari
828 2102 844 2137 a
861 2102 889 2138 se
906 2085 1016 2156 professi
1032 2095 1094 2140 sunt
1111 2085 1276 2151 semiariani,
1287 2091 1412 2157 συνίσμεν
1422 2087 1491 2138 certi

328 2171 402 2225 basias
418 2175 616 2225 enunciationem
628 2171 769 2224 abstantia
777 2175 854 2240 pn'or
866 2172 1056 2239 intemperatus,
1072 2189 1146 2241 quam
1164 2175 1212 2225 duo
1227 2177 1294 2224 inter
1308 2189 1336 2224 aa
1343 2176 1445 2242 partita*
1454 2189 1489 2224 aa·

328 2267 393 2321 sent,
411 2257 448 2310 ait
464 2256 584 2310 Hilarius.
607 2255 674 2308 Tum
692 2255 761 2326 quod
774 2265 865 2326 patres
882 2257 934 2320 ν’ίίί,
952 2260 995 2326 qui
1009 2257 1118 2309 Paolum
1127 2256 1317 2312 Samosatsnuns
1332 2257 1489 2312 tuntum

324 2346 541 2414 pronunciarent,
561 2345 637 2394 enum
655 2340 797 2394 homeusion
813 2347 966 2407 reiecerunt,
984 2346 1045 2411 qnia
1056 2360 1106 2411 per
1117 2342 1185 2394 tanc
1200 2345 1274 2395 anina
1288 2347 1415 2396 υυοουίέοσ
1430 2361 1490 2395 aaa·

329 2431 498 2497 captationem,
514 2428 656 2480 sotiturs'urn
671 2436 744 2495 atqua
754 2431 854 2478 unicum
865 2427 915 2479 eibi
927 2443 978 2479 casa
988 2435 1089 2498 putrem
1100 2429 1212 2495 etfittunr
1220 2429 1408 2497 praedicabat.
1443 2429 1489 2481 Po·

328 2517 425 2567 stremo
437 2513 499 2582 quia
514 2527 612 2565 uorum
628 2527 676 2563 neo
692 2511 719 2564 iu
736 2512 870 2581 scripturis
886 2517 1040 2584 usurpatum
1055 2511 1104 2565 hoo
1116 2513 1271 2566 vocabulum
1288 2517 1353 2568 erat.
1391 2511 1489 2576 Quibus

329 2598 450 2652 omuibus
462 2597 560 2650 erudite
571 2595 683 2649 hilarius
695 2597 812 2650 occurrit
832 2597 929 2652 Verum
941 2613 1001 2651 cum
1012 2598 1043 2650 do
1054 2614 1083 2650 re
1093 2599 1152 2668 ipsa
1162 2613 1222 2651 cnm
1234 2597 1370 2652 catholicis
1382 2615 1489 2652 conam-

328 2684 376 2738 tirs
387 2683 541 2747 viderentur,
560 2682 591 2734 de
607 2697 671 2735 voce
688 2681 815 2735 duntaxat
832 2681 968 2748 dissidere,
985 2683 1126 2753 plurimum
1142 2699 1158 2736 a
1173 2684 1270 2738 sanetis
1287 2684 1409 2754 patribus
1420 2699 1490 2738 sem-

328 2769 444 2823 mendati
458 2782 488 2820 ao
500 2783 548 2839 pro
564 2765 715 2821 orthodoxis
730 2767 917 2838 propemodum
933 2769 1017 2838 agniti
1027 2775 1102 2834 eunt,
1119 2773 1148 2822 ut
1164 2785 1199 2822 ex
1216 2769 1307 2822 eodem
1317 2769 1419 2823 Hilario
1430 2785 1490 2822 σοο-

329 2861 388 2909 stat.
412 2853 480 2918 Quin
496 2860 523 2907 et
533 2851 689 2906 Athanasius
704 2851 749 2907 lib.
763 2851 794 2905 de
811 2852 924 2922 synodis
935 2853 1015 2906 Arius.
1027 2858 1054 2906 et
1068 2853 1171 2910 Seiano.
1190 2854 1222 2908 de
1238 2854 1290 2907 illia
1307 2855 1346 2910 ita
1362 2855 1489 2925 loquitur:

329 2939 390 3010 πρὸς
403 2939 429 2991 δέ
443 2938 499 3000 τους
514 2935 710 3009 ἇιιοδιχομένους
726 2936 756 2989 τὰ
768 2937 811 3008 μίν
830 2934 895 2990 ἄλλα
912 2935 992 2990 πάντα
1008 2941 1058 2990 τῶν
1076 2936 1100 2990 ἐν
1118 2939 1205 3011 Νεκυίᾳ
1221 2939 1374 3010 γραφόντων,
1393 2939 1448 3010 πυρί
1464 2939 1490 2992 δὲ

330 3027 405 3096 μόνον
417 3025 445 3077 τὸ
458 3023 590 3094 ὁμοοώυιον
601 3020 812 3094 ἀμφιβάλλοντας,
825 3020 858 3092 μὴ
871 3019 904 3084 ώς
916 3022 977 3093 πρὸς
989 3020 1090 3094 ἐχθροὺς
1104 3025 1244 3077 διακεῖσθαι·
1255 3023 1296 3076 aad
1307 3025 1355 3096 γὰρ
1369 3026 1411 3078 καί
1423 3025 1490 3094 ἡμᾶς

330 3111 375 3164 οὖν
387 3108 421 3171 ὡς
432 3109 493 3180 προς
505 3108 695 3180 Ἀριιομυνίτας,
714 3106 767 3160 οὐδ’
780 3106 813 3169 ώς
826 3108 981 3180 μαχομένους
993 3107 1054 3178 προς
1067 3109 1123 3170 τοὺς
1135 3109 1240 3181 πατέρας
1252 3107 1408 3180 ἐνιστᾶμεβα,
1427 3105 1491 3162 dud

330 3193 364 3257 ώς
375 3193 476 3266 ἄδιλγολ
485 3195 545 3266 πρὸς
555 3191 674 3263 ἀδελφοὺς
685 3192 855 3265 διαλεγόμεθα,
867 3193 911 3260 τὴν
923 3192 998 3261 αὐτὴν
1010 3192 1053 3264 μίν
1064 3192 1124 3264 ἡμῖν
1136 3191 1242 3246 διάνοιαν
1258 3192 1375 3266 ἔχοντας,
1394 3196 1449 3266 scapi
1465 3195 1491 3248 id

329 3281 358 3334 ab
374 3277 453 3352 ὄνομα
468 3281 543 3351 μόνον
560 3276 716 3340 διστάζοντος
733 3285 781 3334 eto.
816 3277 970 3349 Quanquam
986 3280 1103 3350 superior
1119 3279 1353 3334 anathematismus
1364 3282 1491 3335 Διίαιιιιο

329 3367 465 3439 perfidiam
475 3365 586 3430 redolet,
598 3381 658 3418 oum
669 3366 772 3430 assent,
783 3370 884 3434 patrem
895 3381 948 3418 uon
960 3361 1056 3434 ἐξουσίᾳ
1067 3365 1166 3430 selum,
1177 3365 1223 3418 sed
1235 3363 1317 3436 οὐσίᾳ,
1329 3365 1381 3418 iiiii
1391 3372 1492 3436 patrem
1609 3419 1610 3428 ,

330 3469 400 3518 ease,
413 3451 481 3522 quod
494 3452 598 3506 omniuo
610 3450 707 3504 falsum
719 3455 759 3503 eat
770 3456 797 3503 et
807 3449 973 3503 hnereficum.
1007 3447 1097 3519 Neque
1109 3451 1178 3504 enim
1190 3457 1262 3522 pater
1273 3451 1300 3504 in
1311 3451 1413 3516 filium,
1428 3469 1491 3522 qna·

330 3543 406 3592 tanus
418 3537 482 3592 dena
494 3544 534 3590 est
545 3542 571 3590 et
582 3537 614 3590 ab
626 3538 681 3590 eius
693 3534 765 3607 odetq
776 3535 903 3607 procedit,
915 3531 1024 3596 ἐξουσίαν
1035 3535 1128 3599 υίίυιιι,
1146 3543 1191 3589 aut
1201 3543 1357 3607 potestatem
1369 3538 1481 3593 obtinet.

397 3623 429 3678 N.
441 3639 488 3678 ιιι.
512 3621 548 3674 Τ“ο
565 3625 607 3688 τῆς
626 3621 708 3682 οὐσίας
726 3616 824 3691 ὄνομα]
857 3619 917 3674 Non
933 3620 1089 3674 mediocrem
1106 3620 1251 3692 Epiphanio
1267 3621 1388 3675 {mudum
1405 3623 1492 3676 attulit

331 3710 429 3764 omissa
438 3709 466 3762 iu
478 3707 526 3761 hoo
538 3707 594 3761 leco
608 3722 624 3760 a
633 3707 745 3760 librariis
755 3707 935 3776 interpunctio.
967 3705 1033 3758 Nam
1047 3711 1107 3777 poet
1118 3706 1275 3776 tyronicam
1285 3709 1420 3776 Aneyrani
1432 3725 1490 3762 oon·

245 3829 252 3844 .
298 3833 305 3846 .
330 3794 456 3859 ciliabuli,
468 3809 535 3864 quae
544 3792 577 3845 ab
585 3791 634 3845 hoc
645 3808 753 3846 numero
763 3792 884 3861 deinceps
892 3797 1043 3862 sequuntur,
1051 3797 1130 3861 prout
1137 3793 1216 3862 vulgo
1225 3799 1349 3862 concepta
1356 3793 1490 3854 leotioeat,

330 3878 466 3951 Epiphanii
478 3894 536 3932 esee
544 3877 675 3941 videntum
687 3893 735 3930 neo
746 3877 820 3930 aliter
832 3893 865 3929 ex
876 3876 981 3930 (traeois
993 3877 1135 3941 codicibus,
1147 3883 1201 3929 tam
1213 3878 1281 3947 typis
1293 3879 1400 3931 excusis
1412 3895 1489 3948 quam
1527 3933 1534 3944 ,

330 3966 445 4036 seriptis,
457 3964 573 4034 adeoque
584 3979 617 4016 ex
627 3962 744 4016 Goruarii
754 3963 964 4032 interpretatione
973 3963 1099 4032 suspicari
1111 3963 1203 4032 possis.
1221 3961 1295 4025 Quod
1306 3979 1355 4016 nos
1367 3963 1422 4033 ipsi
1432 3979 1490 4016 cnm

330 4051 425 4104 Latina
435 4049 588 4103 dicaremus
600 4049 783 4120 expressimus.
819 4047 885 4112 Quid
898 4048 967 4101 euim
978 4053 1035 4100 tum
1045 4047 1116 4102 aliud
1127 4063 1275 4118 possemus,
1291 4063 1349 4100 oum
1362 4048 1399 4100 ad
1412 4048 1490 4102 Grac·

331 4151 391 4190 oum
402 4139 553 4189 oonmxtum
564 4133 669 4199 Latina,
687 4134 772 4204 quoad
783 4133 840 4187 fieri
850 4138 949 4204 potest,
965 4132 1184 4186 accommodanda
1195 4133 1259 4196 sint,
1276 4139 1304 4185 et
1318 4133 1343 4185 si
1358 4133 1423 4202 quid
1437 4133 1491 4186 itiic

331 4223 408 4293 paulo
418 4219 595 4274 vehementius
607 4219 774 4289 depravatum
786 4220 932 4282 occurrerit,
943 4217 971 4271 id
981 4219 1009 4271 iu
1020 4223 1094 4271 notas
1107 4217 1295 4272 confidendum
1305 4218 1394 4288 potius
1404 4218 1490 4271 videa·

331 4313 374 4361 tur
391 4321 470 4377 quam
485 4307 542 4358 siue
552 4311 670 4358 veterum
686 4306 822 4358 autoritate
838 4304 983 4358 communis
994 4304 1022 4356 in
1033 4307 1157 4356 contextu
1167 4303 1225 4372 ipso
1237 4303 1392 4356 solicitauda
1402 4304 1488 4357 lectio.

332 4392 398 4447 Cum
408 4391 458 4445 hoo
468 4391 548 4460 igitur
557 4390 586 4443 in
597 4391 691 4443 Latina
700 4395 789 4443 nostra
799 4389 982 4460 iuterpretioue
994 4388 1154 4442 renuendum
1163 4389 1348 4458 putaverimus,
1359 4387 1402 4441 hic
1411 4389 1490 4442 lacte·

332 4494 386 4531 rem
398 4476 546 4546 gratissimi
558 4481 584 4529 et
594 4492 610 4527 a
620 4475 692 4528 uuile
704 4475 877 4528 animadversi
886 4475 1011 4528 hactenus
1023 4475 1115 4527 erroris
1130 4473 1341 4538 admonebimus,
1358 4475 1488 4544 umuiqus

331 4561 504 4632 Epiphaniam
515 4566 634 4615 nemum
645 4561 678 4614 ab
689 4561 785 4614 invidia
797 4562 869 4613 omni
879 4576 909 4612 ac
921 4561 1014 4630 culpae
1028 4559 1175 4628 suspicione
1190 4559 1365 4612 liberabimus.
1398 4558 1489 4628 Neque

333 4647 403 4702 anim
414 4647 529 4719 proiecto
538 4645 709 4700 dubitandum
719 4651 760 4700 est
770 4645 834 4718 quin
844 4645 869 4700 si
878 4642 1248 4717 istaaeripeeritdpiphanius,
1258 4643 1488 4708 dominatuum
