<?xml version="1.0" encoding="UTF-8"?>
<!DOCTYPE html PUBLIC "-//W3C//DTD XHTML 1.0 Transitional//EN"
    "http://www.w3.org/TR/xhtml1/DTD/xhtml1-transitional.dtd">
<html xmlns="http://www.w3.org/1999/xhtml" xml:lang="en" lang="en">
 <head>
  <title>
</title>
<meta http-equiv="Content-Type" content="text/html;charset=utf-8" />
  <meta name='ocr-system' content='tesseract 3.04.00' />
  <meta name='ocr-capabilities' content='ocr_page ocr_carea ocr_par ocr_line ocrx_word'/>
</head>
<body>
  <div class='ocr_page' id='page_1' title='image "./corporishaerese03unkngoog_0325.png"; bbox 0 0 3252 5158; ppageno 0'>
   <div class='ocr_carea' id='block_1_1' title="bbox 335 339 402 396">
    <p class='ocr_par' dir='ltr' id='par_1_1' title="bbox 335 339 402 396">
     <span class='ocr_line' id='line_1_1' title="bbox 335 339 402 396; baseline -0.03 0"><span class='ocrx_word' id='word_1_1' title='bbox 335 339 402 396; x_wconf 81' lang='lat'><em>0011</em></span> 
     </span>
    </p>
   </div>
   <div class='ocr_carea' id='block_1_2' title="bbox 232 493 1502 4670">
    <p class='ocr_par' dir='ltr' id='par_1_2' title="bbox 232 493 1502 4670">
     <span class='ocr_line' id='line_1_2' title="bbox 273 493 1501 568; baseline 0.007 -20"><span class='ocrx_word' id='word_1_2' title='bbox 273 513 279 528; x_wconf 76' lang='lat'>=</span> <span class='ocrx_word' id='word_1_3' title='bbox 333 493 412 548; x_wconf 86' lang='lat' dir='ltr'><strong>huius</strong></span> <span class='ocrx_word' id='word_1_4' title='bbox 424 494 549 550; x_wconf 79' lang='lat' dir='ltr'><strong>nonnulle</strong></span> <span class='ocrx_word' id='word_1_5' title='bbox 559 493 725 550; x_wconf 69' lang='lat' dir='ltr'>disserentur.</span> <span class='ocrx_word' id='word_1_6' title='bbox 748 495 889 552; x_wconf 79' lang='lat' dir='ltr'><strong>Videamus</strong></span> <span class='ocrx_word' id='word_1_7' title='bbox 906 511 975 550; x_wconf 90' lang='lat' dir='ltr'><strong>nunc</strong></span> <span class='ocrx_word' id='word_1_8' title='bbox 986 497 1118 568; x_wconf 83' lang='lat' dir='ltr'><strong>qnodnsm</strong></span> <span class='ocrx_word' id='word_1_9' title='bbox 1130 497 1161 553; x_wconf 89' lang='lat' dir='ltr'><strong>de</strong></span> <span class='ocrx_word' id='word_1_10' title='bbox 1173 497 1205 554; x_wconf 87' lang='lat' dir='ltr'><strong>iis</strong></span> <span class='ocrx_word' id='word_1_11' title='bbox 1216 497 1363 554; x_wconf 77' lang='lat' dir='ltr'><strong>lnnocenb&#39;i</strong></span> <span class='ocrx_word' id='word_1_12' title='bbox 1372 499 1501 556; x_wconf 84' lang='lat' dir='ltr'><strong>indicium</strong></span> 
     </span>
     <span class='ocr_line' id='line_1_3' title="bbox 336 580 1500 654; baseline 0.006 -20"><span class='ocrx_word' id='word_1_13' title='bbox 336 580 463 646; x_wconf 78' lang='lat' dir='ltr'><strong>extiterit,</strong></span> <span class='ocrx_word' id='word_1_14' title='bbox 475 581 528 634; x_wconf 87' lang='lat' dir='ltr'><strong>imo</strong></span> <span class='ocrx_word' id='word_1_15' title='bbox 541 585 629 634; x_wconf 84' lang='lat' dir='ltr'><strong>utrum</strong></span> <span class='ocrx_word' id='word_1_16' title='bbox 640 580 672 634; x_wconf 83' lang='lat' dir='ltr'><strong>cle</strong></span> <span class='ocrx_word' id='word_1_17' title='bbox 683 581 735 635; x_wconf 89' lang='lat' dir='ltr'><strong>illis</strong></span> <span class='ocrx_word' id='word_1_18' title='bbox 746 581 848 636; x_wconf 88' lang='lat' dir='ltr'><strong>locutus</strong></span> <span class='ocrx_word' id='word_1_19' title='bbox 859 583 963 637; x_wconf 89' lang='lat' dir='ltr'><strong>omnino</strong></span> <span class='ocrx_word' id='word_1_20' title='bbox 973 583 1019 647; x_wconf 86' lang='lat' dir='ltr'><strong>sit,</strong></span> <span class='ocrx_word' id='word_1_21' title='bbox 1032 583 1101 654; x_wconf 89' lang='lat' dir='ltr'><strong>qnod</strong></span> <span class='ocrx_word' id='word_1_22' title='bbox 1110 585 1226 654; x_wconf 74' lang='lat' dir='ltr'><strong>plerique</strong></span> <span class='ocrx_word' id='word_1_23' title='bbox 1235 601 1326 640; x_wconf 88' lang='lat' dir='ltr'><strong>ornnes</strong></span> <span class='ocrx_word' id='word_1_24' title='bbox 1336 586 1500 642; x_wconf 80' lang='lat' dir='ltr'><strong>existimsnt</strong></span> 
     </span>
     <span class='ocr_line' id='line_1_4' title="bbox 334 666 1502 740; baseline 0.005 -20"><span class='ocrx_word' id='word_1_25' title='bbox 334 666 381 720; x_wconf 84' lang='lat' dir='ltr'><strong>llic</strong></span> <span class='ocrx_word' id='word_1_26' title='bbox 393 667 463 720; x_wconf 85' lang='lat' dir='ltr'><strong>eninr</strong></span> <span class='ocrx_word' id='word_1_27' title='bbox 476 667 586 738; x_wconf 81' lang='lat' dir='ltr'><strong>epistole</strong></span> <span class='ocrx_word' id='word_1_28' title='bbox 595 684 633 721; x_wconf 84' lang='lat'>111.</span> <span class='ocrx_word' id='word_1_29' title='bbox 643 667 676 720; x_wconf 86' lang='lat' dir='ltr'><strong>sd</strong></span> <span class='ocrx_word' id='word_1_30' title='bbox 684 666 845 739; x_wconf 86' lang='lat' dir='ltr'><strong>Exuperinm</strong></span> <span class='ocrx_word' id='word_1_31' title='bbox 858 684 913 739; x_wconf 82' lang='lat' dir='ltr'><strong>cop.</strong></span> <span class='ocrx_word' id='word_1_32' title='bbox 922 687 951 724; x_wconf 89' lang='lat' dir='ltr'><strong>rr.</strong></span> <span class='ocrx_word' id='word_1_33' title='bbox 963 669 1000 721; x_wconf 85' lang='lat' dir='ltr'><strong>its</strong></span> <span class='ocrx_word' id='word_1_34' title='bbox 1011 669 1110 722; x_wconf 78' lang='lat' dir='ltr'><strong>scribit:</strong></span> <span class='ocrx_word' id='word_1_35' title='bbox 1134 669 1225 722; x_wconf 81' lang='lat' dir='ltr'><strong>Etloc</strong></span> <span class='ocrx_word' id='word_1_36' title='bbox 1234 675 1373 738; x_wconf 67' lang='lat' dir='ltr'><strong>pumsimm</strong></span> <span class='ocrx_word' id='word_1_37' title='bbox 1383 681 1429 734; x_wconf 86' lang='lat' dir='ltr'><strong>est,</strong></span> <span class='ocrx_word' id='word_1_38' title='bbox 1440 673 1502 740; x_wconf 75' lang='lat' dir='ltr'><strong>quid</strong></span> 
     </span>
     <span class='ocr_line' id='line_1_5' title="bbox 335 751 1500 824; baseline 0.006 -20"><span class='ocrx_word' id='word_1_39' title='bbox 335 753 366 804; x_wconf 87' lang='lat' dir='ltr'><strong>dc</strong></span> <span class='ocrx_word' id='word_1_40' title='bbox 387 751 427 804; x_wconf 78' lang='lat' dir='ltr'><strong>leis</strong></span> <span class='ocrx_word' id='word_1_41' title='bbox 443 751 575 806; x_wconf 83' lang='lat' dir='ltr'><strong>observari</strong></span> <span class='ocrx_word' id='word_1_42' title='bbox 591 752 681 806; x_wconf 82' lang='lat' dir='ltr'><strong>deberit</strong></span> <span class='ocrx_word' id='word_1_43' title='bbox 696 757 739 823; x_wconf 82' lang='lat' dir='ltr'><strong>pai</strong></span> <span class='ocrx_word' id='word_1_44' title='bbox 749 765 810 824; x_wconf 87' lang='lat' dir='ltr'><strong>post</strong></span> <span class='ocrx_word' id='word_1_45' title='bbox 826 755 975 823; x_wconf 83' lang='lat' dir='ltr'><strong>baptismum</strong></span> <span class='ocrx_word' id='word_1_46' title='bbox 992 759 1059 808; x_wconf 88' lang='lat' dir='ltr'><strong>omni</strong></span> <span class='ocrx_word' id='word_1_47' title='bbox 1076 764 1183 824; x_wconf 84' lang='lat' dir='ltr'><strong>tempore</strong></span> <span class='ocrx_word' id='word_1_48' title='bbox 1201 759 1401 810; x_wconf 76' lang='lat' dir='ltr'><strong>iricorstincntiae</strong></span> <span class='ocrx_word' id='word_1_49' title='bbox 1418 767 1444 810; x_wconf 89' lang='lat' dir='ltr'><strong>et</strong></span> <span class='ocrx_word' id='word_1_50' title='bbox 1458 777 1500 811; x_wconf 81' lang='lat' dir='ltr'><strong>so·</strong></span> 
     </span>
     <span class='ocr_line' id='line_1_6' title="bbox 334 838 1501 910; baseline 0.005 -20"><span class='ocrx_word' id='word_1_51' title='bbox 334 838 472 907; x_wconf 79' lang='lat' dir='ltr'><strong>luptatilns</strong></span> <span class='ocrx_word' id='word_1_52' title='bbox 484 840 566 892; x_wconf 84' lang='lat' dir='ltr'><strong>dediti</strong></span> <span class='ocrx_word' id='word_1_53' title='bbox 575 841 603 890; x_wconf 87' lang='lat' dir='ltr'><strong>in</strong></span> <span class='ocrx_word' id='word_1_54' title='bbox 614 845 722 891; x_wconf 70' lang='lat' dir='ltr'><strong>exirm</strong></span> <span class='ocrx_word' id='word_1_55' title='bbox 733 841 781 900; x_wconf 71' lang='lat' dir='ltr'><strong>fine</strong></span> <span class='ocrx_word' id='word_1_56' title='bbox 793 843 862 892; x_wconf 86' lang='lat' dir='ltr'><strong>vitae</strong></span> <span class='ocrx_word' id='word_1_57' title='bbox 872 859 935 894; x_wconf 78' lang='lat' dir='ltr'><strong>cuce</strong></span> <span class='ocrx_word' id='word_1_58' title='bbox 941 844 1124 910; x_wconf 82' lang='lat' dir='ltr'><strong>poenitentiam</strong></span> <span class='ocrx_word' id='word_1_59' title='bbox 1138 841 1215 894; x_wconf 66' lang='lat' dir='ltr'><strong>nmul</strong></span> <span class='ocrx_word' id='word_1_60' title='bbox 1224 851 1249 894; x_wconf 88' lang='lat' dir='ltr'><strong>et</strong></span> <span class='ocrx_word' id='word_1_61' title='bbox 1263 844 1501 896; x_wconf 72' lang='lat' dir='ltr'><strong>reconciliationem</strong></span> 
     </span>
     <span class='ocr_line' id='line_1_7' title="bbox 335 923 1501 996; baseline 0.005 -20"><span class='ocrx_word' id='word_1_62' title='bbox 335 927 512 976; x_wconf 84' lang='lat' dir='ltr'><strong>consmnnionis</strong></span> <span class='ocrx_word' id='word_1_63' title='bbox 527 933 670 994; x_wconf 76' lang='lat' dir='ltr'><strong>exposcunt.</strong></span> <span class='ocrx_word' id='word_1_64' title='bbox 690 925 746 982; x_wconf 77' lang='lat' dir='ltr'><strong>¹Dc</strong></span> <span class='ocrx_word' id='word_1_65' title='bbox 762 923 802 976; x_wconf 82' lang='lat' dir='ltr'><strong>lis</strong></span> <span class='ocrx_word' id='word_1_66' title='bbox 818 925 959 978; x_wconf 76' lang='lat' dir='ltr'><strong>observatio</strong></span> <span class='ocrx_word' id='word_1_67' title='bbox 976 929 1048 995; x_wconf 81' lang='lat' dir='ltr'><strong>prior</strong></span> <span class='ocrx_word' id='word_1_68' title='bbox 1064 927 1160 989; x_wconf 82' lang='lat' dir='ltr'><strong>durior,</strong></span> <span class='ocrx_word' id='word_1_69' title='bbox 1172 931 1302 996; x_wconf 71' lang='lat' dir='ltr'><strong>posterior</strong></span> <span class='ocrx_word' id='word_1_70' title='bbox 1316 931 1501 982; x_wconf 65' lang='lat' dir='ltr'><strong>commem</strong></span> 
     </span>
     <span class='ocr_line' id='line_1_8' title="bbox 334 1009 1502 1080; baseline 0.004 -19"><span class='ocrx_word' id='word_1_71' title='bbox 334 1011 513 1062; x_wconf 79' lang='lat' dir='ltr'><strong>misericordia</strong></span> <span class='ocrx_word' id='word_1_72' title='bbox 530 1011 680 1062; x_wconf 67' lang='lat' dir='ltr'><strong>inclinatior</strong></span> <span class='ocrx_word' id='word_1_73' title='bbox 697 1017 740 1062; x_wconf 87' lang='lat' dir='ltr'><strong>est.</strong></span> <span class='ocrx_word' id='word_1_74' title='bbox 774 1009 845 1064; x_wconf 84' lang='lat' dir='ltr'><strong>Nom</strong></span> <span class='ocrx_word' id='word_1_75' title='bbox 861 1012 1011 1064; x_wconf 84' lang='lat' dir='ltr'><strong>consuctrrdo</strong></span> <span class='ocrx_word' id='word_1_76' title='bbox 1023 1015 1099 1080; x_wconf 79' lang='lat' dir='ltr'><strong>prior</strong></span> <span class='ocrx_word' id='word_1_77' title='bbox 1116 1013 1203 1075; x_wconf 83' lang='lat' dir='ltr'><strong>tennil,</strong></span> <span class='ocrx_word' id='word_1_78' title='bbox 1219 1023 1248 1065; x_wconf 82' lang='lat' dir='ltr'><strong>ot</strong></span> <span class='ocrx_word' id='word_1_79' title='bbox 1264 1013 1449 1066; x_wconf 65' lang='lat' dir='ltr'><strong>retruderetur</strong></span> <span class='ocrx_word' id='word_1_80' title='bbox 1464 1017 1502 1066; x_wconf 80' lang='lat' dir='ltr'><strong>eis</strong></span> 
     </span>
     <span class='ocr_line' id='line_1_9' title="bbox 329 1095 1501 1176; baseline 0.004 -30"><span class='ocrx_word' id='word_1_81' title='bbox 329 1097 500 1165; x_wconf 82' lang='lat' dir='ltr'><strong>poenitentia,</strong></span> <span class='ocrx_word' id='word_1_82' title='bbox 512 1098 558 1148; x_wconf 88' lang='lat' dir='ltr'><strong>sed</strong></span> <span class='ocrx_word' id='word_1_83' title='bbox 569 1099 705 1148; x_wconf 90' lang='lat' dir='ltr'><strong>communio</strong></span> <span class='ocrx_word' id='word_1_84' title='bbox 716 1106 860 1164; x_wconf 67' lang='lat' dir='ltr'><strong>nonoretur.</strong></span> <span class='ocrx_word' id='word_1_85' title='bbox 889 1095 959 1176; x_wconf 76' lang='lat' dir='ltr'><strong>Nam</strong></span> <span class='ocrx_word' id='word_1_86' title='bbox 971 1097 1090 1148; x_wconf 85' lang='lat' dir='ltr'><strong>cumillis</strong></span> <span class='ocrx_word' id='word_1_87' title='bbox 1102 1098 1252 1166; x_wconf 78' lang='lat' dir='ltr'><strong>temporibus</strong></span> <span class='ocrx_word' id='word_1_88' title='bbox 1262 1098 1370 1151; x_wconf 67' lang='lat' dir='ltr'><strong>metrae</strong></span> <span class='ocrx_word' id='word_1_89' title='bbox 1377 1116 1501 1168; x_wconf 82' lang='lat' dir='ltr'><strong>persecu-</strong></span> 
     </span>
     <span class='ocr_line' id='line_1_10' title="bbox 334 1181 1502 1250; baseline 0.003 -16"><span class='ocrx_word' id='word_1_90' title='bbox 334 1186 413 1234; x_wconf 87' lang='lat' dir='ltr'><strong>tiones</strong></span> <span class='ocrx_word' id='word_1_91' title='bbox 424 1189 517 1245; x_wconf 82' lang='lat' dir='ltr'><strong>essem,</strong></span> <span class='ocrx_word' id='word_1_92' title='bbox 529 1199 559 1232; x_wconf 89' lang='lat' dir='ltr'><strong>nc</strong></span> <span class='ocrx_word' id='word_1_93' title='bbox 571 1185 748 1233; x_wconf 69' lang='lat' dir='ltr'><strong>communionis</strong></span> <span class='ocrx_word' id='word_1_94' title='bbox 760 1199 879 1234; x_wconf 87' lang='lat' dir='ltr'><strong>concessa</strong></span> <span class='ocrx_word' id='word_1_95' title='bbox 881 1182 1005 1250; x_wconf 81' lang='lat' dir='ltr'><strong>facilitas</strong></span> <span class='ocrx_word' id='word_1_96' title='bbox 1014 1181 1124 1234; x_wconf 82' lang='lat' dir='ltr'><strong>lsornines</strong></span> <span class='ocrx_word' id='word_1_97' title='bbox 1135 1184 1166 1235; x_wconf 88' lang='lat' dir='ltr'><strong>de</strong></span> <span class='ocrx_word' id='word_1_98' title='bbox 1177 1185 1386 1237; x_wconf 75' lang='lat' dir='ltr'><strong>reconciliatione</strong></span> <span class='ocrx_word' id='word_1_99' title='bbox 1397 1201 1502 1237; x_wconf 75' lang='lat' dir='ltr'><strong>oscum</strong></span> 
     </span>
     <span class='ocr_line' id='line_1_11' title="bbox 334 1267 1501 1337; baseline 0.003 -19"><span class='ocrx_word' id='word_1_100' title='bbox 334 1284 382 1318; x_wconf 90' lang='lat' dir='ltr'><strong>non</strong></span> <span class='ocrx_word' id='word_1_101' title='bbox 394 1275 527 1319; x_wconf 80' lang='lat' dir='ltr'><strong>revocaret</strong></span> <span class='ocrx_word' id='word_1_102' title='bbox 539 1285 555 1318; x_wconf 89' lang='lat' dir='ltr'><strong>a</strong></span> <span class='ocrx_word' id='word_1_103' title='bbox 568 1267 655 1336; x_wconf 83' lang='lat' dir='ltr'><strong>lapsa,</strong></span> <span class='ocrx_word' id='word_1_104' title='bbox 671 1275 766 1334; x_wconf 74' lang='lat' dir='ltr'><strong>enecato</strong></span> <span class='ocrx_word' id='word_1_105' title='bbox 782 1271 869 1319; x_wconf 87' lang='lat' dir='ltr'><strong>merito</strong></span> <span class='ocrx_word' id='word_1_106' title='bbox 882 1271 1020 1320; x_wconf 86' lang='lat' dir='ltr'><strong>communio</strong></span> <span class='ocrx_word' id='word_1_107' title='bbox 1036 1277 1083 1331; x_wconf 87' lang='lat' dir='ltr'><strong>est,</strong></span> <span class='ocrx_word' id='word_1_108' title='bbox 1100 1285 1219 1321; x_wconf 85' lang='lat' dir='ltr'><strong>concessa</strong></span> <span class='ocrx_word' id='word_1_109' title='bbox 1228 1273 1399 1337; x_wconf 87' lang='lat' dir='ltr'><strong>poenitentia,</strong></span> <span class='ocrx_word' id='word_1_110' title='bbox 1418 1288 1449 1322; x_wconf 83' lang='lat' dir='ltr'><strong>ne</strong></span> <span class='ocrx_word' id='word_1_111' title='bbox 1465 1278 1501 1322; x_wconf 83' lang='lat' dir='ltr'><strong>to·</strong></span> 
     </span>
     <span class='ocr_line' id='line_1_12' title="bbox 232 1353 1500 1424; baseline 0.006 -24"><span class='ocrx_word' id='word_1_112' title='bbox 232 1371 254 1411; x_wconf 86' lang='lat' dir='ltr'><strong>p.</strong></span> <span class='ocrx_word' id='word_1_113' title='bbox 263 1359 308 1402; x_wconf 77' lang='lat' dir='ltr'><strong>tto</strong></span> <span class='ocrx_word' id='word_1_114' title='bbox 333 1359 384 1404; x_wconf 67' lang='lat' dir='ltr'><strong>mm</strong></span> <span class='ocrx_word' id='word_1_115' title='bbox 392 1355 495 1421; x_wconf 84' lang='lat' dir='ltr'><strong>penitus</strong></span> <span class='ocrx_word' id='word_1_116' title='bbox 505 1361 651 1420; x_wconf 77' lang='lat' dir='ltr'><strong>reparetur,</strong></span> <span class='ocrx_word' id='word_1_117' title='bbox 663 1360 688 1405; x_wconf 87' lang='lat' dir='ltr'><strong>et</strong></span> <span class='ocrx_word' id='word_1_118' title='bbox 696 1355 823 1404; x_wconf 84' lang='lat' dir='ltr'><strong>duriorem</strong></span> <span class='ocrx_word' id='word_1_119' title='bbox 832 1355 1199 1422; x_wconf 87' lang='lat' dir='ltr'><strong>remissionemsccittemporis</strong></span> <span class='ocrx_word' id='word_1_120' title='bbox 1207 1357 1287 1406; x_wconf 86' lang='lat' dir='ltr'><strong>ratio.</strong></span> <span class='ocrx_word' id='word_1_121' title='bbox 1302 1353 1500 1424; x_wconf 74' lang='lat' dir='ltr'><strong>Sedpoctqsam</strong></span> 
     </span>
     <span class='ocr_line' id='line_1_13' title="bbox 334 1437 1500 1514; baseline 0.002 -24"><span class='ocrx_word' id='word_1_122' title='bbox 334 1440 447 1490; x_wconf 84' lang='lat' dir='ltr'><strong>dominns</strong></span> <span class='ocrx_word' id='word_1_123' title='bbox 459 1447 544 1490; x_wconf 88' lang='lat' dir='ltr'><strong>noster</strong></span> <span class='ocrx_word' id='word_1_124' title='bbox 554 1455 648 1506; x_wconf 83' lang='lat' dir='ltr'><strong>pacem</strong></span> <span class='ocrx_word' id='word_1_125' title='bbox 665 1437 779 1490; x_wconf 87' lang='lat' dir='ltr'><strong>ecclesiis</strong></span> <span class='ocrx_word' id='word_1_126' title='bbox 794 1441 847 1489; x_wconf 84' lang='lat' dir='ltr'><strong>sris</strong></span> <span class='ocrx_word' id='word_1_127' title='bbox 863 1439 988 1502; x_wconf 80' lang='lat' dir='ltr'><strong>reddidit,</strong></span> <span class='ocrx_word' id='word_1_128' title='bbox 1004 1437 1056 1490; x_wconf 84' lang='lat' dir='ltr'><strong>iam</strong></span> <span class='ocrx_word' id='word_1_129' title='bbox 1074 1440 1175 1507; x_wconf 84' lang='lat' dir='ltr'><strong>depulso</strong></span> <span class='ocrx_word' id='word_1_130' title='bbox 1191 1447 1288 1492; x_wconf 86' lang='lat' dir='ltr'><strong>terrore</strong></span> <span class='ocrx_word' id='word_1_131' title='bbox 1303 1445 1500 1514; x_wconf 60' lang='lat' dir='ltr'><strong>commonionem</strong></span> 
     </span>
     <span class='ocr_line' id='line_1_14' title="bbox 335 1523 1499 1594; baseline 0 -18"><span class='ocrx_word' id='word_1_132' title='bbox 335 1525 397 1576; x_wconf 85' lang='lat' dir='ltr'><strong>dari</strong></span> <span class='ocrx_word' id='word_1_133' title='bbox 411 1523 558 1576; x_wconf 81' lang='lat' dir='ltr'><strong>obeuntibus</strong></span> <span class='ocrx_word' id='word_1_134' title='bbox 569 1524 684 1592; x_wconf 79' lang='lat' dir='ltr'><strong>placuit,</strong></span> <span class='ocrx_word' id='word_1_135' title='bbox 702 1532 728 1575; x_wconf 89' lang='lat' dir='ltr'><strong>et</strong></span> <span class='ocrx_word' id='word_1_136' title='bbox 738 1532 847 1592; x_wconf 83' lang='lat' dir='ltr'><strong>propter</strong></span> <span class='ocrx_word' id='word_1_137' title='bbox 863 1525 958 1576; x_wconf 89' lang='lat' dir='ltr'><strong>domini</strong></span> <span class='ocrx_word' id='word_1_138' title='bbox 974 1525 1189 1589; x_wconf 74' lang='lat' dir='ltr'><strong>miscricordiam,</strong></span> <span class='ocrx_word' id='word_1_139' title='bbox 1207 1528 1281 1592; x_wconf 79' lang='lat' dir='ltr'><strong>puori</strong></span> <span class='ocrx_word' id='word_1_140' title='bbox 1297 1528 1423 1578; x_wconf 71' lang='lat' dir='ltr'><strong>malicum</strong></span> <span class='ocrx_word' id='word_1_141' title='bbox 1436 1544 1499 1594; x_wconf 86' lang='lat' dir='ltr'><strong>pro-</strong></span> 
     </span>
     <span class='ocr_line' id='line_1_15' title="bbox 326 1607 1500 1681; baseline 0.002 -21"><span class='ocrx_word' id='word_1_142' title='bbox 326 1611 452 1677; x_wconf 81' lang='lat' dir='ltr'><strong>fecturis,</strong></span> <span class='ocrx_word' id='word_1_143' title='bbox 465 1625 494 1660; x_wconf 88' lang='lat' dir='ltr'><strong>ne</strong></span> <span class='ocrx_word' id='word_1_144' title='bbox 506 1607 652 1660; x_wconf 85' lang='lat' dir='ltr'><strong>Nooatiani</strong></span> <span class='ocrx_word' id='word_1_145' title='bbox 662 1607 787 1660; x_wconf 80' lang='lat' dir='ltr'><strong>lsncreticn&#39;</strong></span> <span class='ocrx_word' id='word_1_146' title='bbox 798 1613 915 1676; x_wconf 74' lang='lat' dir='ltr'><strong>trepuntio</strong></span> <span class='ocrx_word' id='word_1_147' title='bbox 926 1612 1025 1660; x_wconf 84' lang='lat' dir='ltr'><strong>veniam</strong></span> <span class='ocrx_word' id='word_1_148' title='bbox 1037 1611 1200 1678; x_wconf 85' lang='lat' dir='ltr'><strong>asperitatem</strong></span> <span class='ocrx_word' id='word_1_149' title='bbox 1212 1619 1237 1661; x_wconf 89' lang='lat' dir='ltr'><strong>ct</strong></span> <span class='ocrx_word' id='word_1_150' title='bbox 1247 1611 1371 1662; x_wconf 87' lang='lat' dir='ltr'><strong>duritiam</strong></span> <span class='ocrx_word' id='word_1_151' title='bbox 1383 1611 1500 1681; x_wconf 80' lang='lat' dir='ltr'><strong>subsepsi</strong></span> 
     </span>
     <span class='ocr_line' id='line_1_16' title="bbox 333 1691 1500 1763; baseline 0.003 -18"><span class='ocrx_word' id='word_1_152' title='bbox 333 1695 473 1746; x_wconf 81' lang='lat' dir='ltr'><strong>uideamur.</strong></span> <span class='ocrx_word' id='word_1_153' title='bbox 495 1691 519 1742; x_wconf 89' lang='grc' dir='ltr'><strong><em>Τ</em></strong></span> <span class='ocrx_word' id='word_1_154' title='bbox 516 1693 630 1746; x_wconf 79' lang='lat' dir='ltr'><strong>ribnetnr</strong></span> <span class='ocrx_word' id='word_1_155' title='bbox 639 1711 698 1760; x_wconf 76' lang='lat' dir='ltr'><strong>erpo</strong></span> <span class='ocrx_word' id='word_1_156' title='bbox 708 1711 762 1746; x_wconf 90' lang='lat' dir='ltr'><strong>cum</strong></span> <span class='ocrx_word' id='word_1_157' title='bbox 768 1697 924 1763; x_wconf 86' lang='lat' dir='ltr'><strong>poenitentia</strong></span> <span class='ocrx_word' id='word_1_158' title='bbox 934 1702 1045 1748; x_wconf 83' lang='lat' dir='ltr'><strong>entrema</strong></span> <span class='ocrx_word' id='word_1_159' title='bbox 1055 1699 1191 1746; x_wconf 81' lang='lat' dir='ltr'><strong>communio</strong></span> <span class='ocrx_word' id='word_1_160' title='bbox 1200 1703 1247 1746; x_wconf 89' lang='lat' dir='ltr'><strong>etc.</strong></span> <span class='ocrx_word' id='word_1_161' title='bbox 1263 1694 1339 1749; x_wconf 85' lang='lat' dir='ltr'><strong>Hunc</strong></span> <span class='ocrx_word' id='word_1_162' title='bbox 1350 1693 1500 1748; x_wconf 83' lang='lat' dir='ltr'><strong>innocentii</strong></span> 
     </span>
     <span class='ocr_line' id='line_1_17' title="bbox 332 1777 1499 1851; baseline 0.002 -19"><span class='ocrx_word' id='word_1_163' title='bbox 332 1779 435 1840; x_wconf 85' lang='lat' dir='ltr'><strong>locum,</strong></span> <span class='ocrx_word' id='word_1_164' title='bbox 447 1778 518 1848; x_wconf 87' lang='lat' dir='ltr'><strong>quod</strong></span> <span class='ocrx_word' id='word_1_165' title='bbox 528 1779 555 1832; x_wconf 91' lang='lat' dir='ltr'><strong>in</strong></span> <span class='ocrx_word' id='word_1_166' title='bbox 568 1795 599 1831; x_wconf 88' lang='lat' dir='ltr'><strong>eo</strong></span> <span class='ocrx_word' id='word_1_167' title='bbox 611 1793 706 1848; x_wconf 85' lang='lat' dir='ltr'><strong>genere</strong></span> <span class='ocrx_word' id='word_1_168' title='bbox 717 1779 938 1834; x_wconf 88' lang='lat' dir='ltr'><strong>luculentissimus</strong></span> <span class='ocrx_word' id='word_1_169' title='bbox 950 1779 996 1842; x_wconf 90' lang='lat' dir='ltr'><strong>sit,</strong></span> <span class='ocrx_word' id='word_1_170' title='bbox 1013 1783 1097 1832; x_wconf 91' lang='lat' dir='ltr'><strong>toturn</strong></span> <span class='ocrx_word' id='word_1_171' title='bbox 1113 1777 1305 1851; x_wconf 73' lang='lat' dir='ltr'><strong>adscripsimus.</strong></span> <span class='ocrx_word' id='word_1_172' title='bbox 1329 1779 1398 1834; x_wconf 86' lang='lat' dir='ltr'><strong>Gnm</strong></span> <span class='ocrx_word' id='word_1_173' title='bbox 1410 1785 1499 1834; x_wconf 78' lang='lat' dir='ltr'><strong>sutem</strong></span> 
     </span>
     <span class='ocr_line' id='line_1_18' title="bbox 334 1862 1499 1934; baseline 0.002 -16"><span class='ocrx_word' id='word_1_174' title='bbox 334 1863 367 1918; x_wconf 85' lang='lat' dir='ltr'><strong>sd</strong></span> <span class='ocrx_word' id='word_1_175' title='bbox 377 1863 530 1918; x_wconf 80' lang='lat' dir='ltr'><strong>Illiberiteni</strong></span> <span class='ocrx_word' id='word_1_176' title='bbox 541 1863 644 1916; x_wconf 88' lang='lat' dir='ltr'><strong>concilii</strong></span> <span class='ocrx_word' id='word_1_177' title='bbox 655 1863 757 1918; x_wconf 76' lang='lat' dir='ltr'><strong>decretu</strong></span> <span class='ocrx_word' id='word_1_178' title='bbox 768 1864 922 1918; x_wconf 83' lang='lat' dir='ltr'><strong>nominetim</strong></span> <span class='ocrx_word' id='word_1_179' title='bbox 934 1864 1093 1934; x_wconf 87' lang='lat' dir='ltr'><strong>respexisse,</strong></span> <span class='ocrx_word' id='word_1_180' title='bbox 1109 1881 1169 1918; x_wconf 89' lang='lat' dir='ltr'><strong>cum</strong></span> <span class='ocrx_word' id='word_1_181' title='bbox 1184 1862 1247 1918; x_wconf 82' lang='lat' dir='ltr'><strong>hoec</strong></span> <span class='ocrx_word' id='word_1_182' title='bbox 1264 1865 1405 1932; x_wconf 74' lang='lat' dir='ltr'><strong>scriberet,</strong></span> <span class='ocrx_word' id='word_1_183' title='bbox 1420 1866 1499 1920; x_wconf 89' lang='lat' dir='ltr'><strong>Inno-</strong></span> 
     </span>
     <span class='ocr_line' id='line_1_19' title="bbox 333 1947 1499 2020; baseline -0.001 -15"><span class='ocrx_word' id='word_1_184' title='bbox 333 1951 447 2005; x_wconf 86' lang='lat' dir='ltr'><strong>centium</strong></span> <span class='ocrx_word' id='word_1_185' title='bbox 458 1954 550 2019; x_wconf 88' lang='lat' dir='ltr'><strong>putent</strong></span> <span class='ocrx_word' id='word_1_186' title='bbox 560 1947 680 2002; x_wconf 87' lang='lat' dir='ltr'><strong>homines</strong></span> <span class='ocrx_word' id='word_1_187' title='bbox 692 1949 798 2012; x_wconf 85' lang='lat' dir='ltr'><strong>eruditi,</strong></span> <span class='ocrx_word' id='word_1_188' title='bbox 815 1947 880 2004; x_wconf 87' lang='lat' dir='ltr'><strong>mihi</strong></span> <span class='ocrx_word' id='word_1_189' title='bbox 896 1948 1000 2019; x_wconf 89' lang='lat' dir='ltr'><strong>quidem</strong></span> <span class='ocrx_word' id='word_1_190' title='bbox 1013 1966 1066 2002; x_wconf 91' lang='lat' dir='ltr'><strong>non</strong></span> <span class='ocrx_word' id='word_1_191' title='bbox 1077 1950 1196 2020; x_wconf 85' lang='lat' dir='ltr'><strong>probunt.</strong></span> <span class='ocrx_word' id='word_1_192' title='bbox 1229 1949 1296 2003; x_wconf 83' lang='lat' dir='ltr'><strong>Nem</strong></span> <span class='ocrx_word' id='word_1_193' title='bbox 1308 1949 1499 2004; x_wconf 67' lang='lat' dir='ltr'><strong>Elibsrihnnsn</strong></span> 
     </span>
     <span class='ocr_line' id='line_1_20' title="bbox 332 2031 1499 2105; baseline 0 -15"><span class='ocrx_word' id='word_1_194' title='bbox 332 2035 471 2090; x_wconf 87' lang='lat' dir='ltr'><strong>concilium</strong></span> <span class='ocrx_word' id='word_1_195' title='bbox 483 2033 591 2088; x_wconf 80' lang='grc' dir='ltr'>καθόλου</span> <span class='ocrx_word' id='word_1_196' title='bbox 604 2034 635 2088; x_wconf 89' lang='lat' dir='ltr'><strong>ds</strong></span> <span class='ocrx_word' id='word_1_197' title='bbox 646 2035 678 2088; x_wconf 90' lang='lat' dir='ltr'><strong>iis</strong></span> <span class='ocrx_word' id='word_1_198' title='bbox 688 2031 803 2105; x_wconf 84' lang='lat' dir='ltr'><strong>loquitur</strong></span> <span class='ocrx_word' id='word_1_199' title='bbox 819 2036 863 2105; x_wconf 88' lang='lat' dir='ltr'><strong>qui</strong></span> <span class='ocrx_word' id='word_1_200' title='bbox 880 2034 1000 2104; x_wconf 79' lang='lat' dir='ltr'><strong>grerime</strong></span> <span class='ocrx_word' id='word_1_201' title='bbox 1015 2038 1042 2087; x_wconf 90' lang='lat' dir='ltr'><strong>et</strong></span> <span class='ocrx_word' id='word_1_202' title='bbox 1056 2034 1177 2105; x_wconf 77' lang='lat' dir='ltr'><strong>capitolin</strong></span> <span class='ocrx_word' id='word_1_203' title='bbox 1193 2035 1286 2088; x_wconf 81' lang='lat' dir='ltr'><strong>delicte</strong></span> <span class='ocrx_word' id='word_1_204' title='bbox 1302 2036 1499 2100; x_wconf 72' lang='lat' dir='ltr'><strong>commiserunt,</strong></span> 
     </span>
     <span class='ocr_line' id='line_1_21' title="bbox 333 2120 1499 2192; baseline 0 -18"><span class='ocrx_word' id='word_1_205' title='bbox 333 2137 400 2192; x_wconf 87' lang='lat' dir='ltr'><strong>queo</strong></span> <span class='ocrx_word' id='word_1_206' title='bbox 412 2121 445 2174; x_wconf 83' lang='lat' dir='ltr'><strong>sd</strong></span> <span class='ocrx_word' id='word_1_207' title='bbox 457 2121 507 2173; x_wconf 84' lang='lat' dir='ltr'><strong>tris</strong></span> <span class='ocrx_word' id='word_1_208' title='bbox 519 2137 617 2190; x_wconf 77' lang='lat' dir='ltr'><strong>genere</strong></span> <span class='ocrx_word' id='word_1_209' title='bbox 625 2120 798 2174; x_wconf 80' lang='lat' dir='ltr'><strong>Tertullianus</strong></span> <span class='ocrx_word' id='word_1_210' title='bbox 811 2125 837 2173; x_wconf 89' lang='lat' dir='ltr'><strong>et</strong></span> <span class='ocrx_word' id='word_1_211' title='bbox 845 2120 972 2173; x_wconf 86' lang='lat' dir='ltr'><strong>Pncisnue</strong></span> <span class='ocrx_word' id='word_1_212' title='bbox 984 2126 1119 2184; x_wconf 79' lang='lat' dir='ltr'><strong>teracont3</strong></span> <span class='ocrx_word' id='word_1_213' title='bbox 1133 2135 1198 2190; x_wconf 87' lang='lat' dir='ltr'><strong>quoe</strong></span> <span class='ocrx_word' id='word_1_214' title='bbox 1207 2120 1325 2190; x_wconf 85' lang='lat' dir='ltr'><strong>quidem,</strong></span> <span class='ocrx_word' id='word_1_215' title='bbox 1338 2137 1499 2192; x_wconf 82' lang='lat' dir='ltr'><strong>quocunqne</strong></span> 
     </span>
     <span class='ocr_line' id='line_1_22' title="bbox 333 2205 1500 2277; baseline -0.001 -16"><span class='ocrx_word' id='word_1_216' title='bbox 333 2207 437 2264; x_wconf 84' lang='lat' dir='ltr'><strong>densum</strong></span> <span class='ocrx_word' id='word_1_217' title='bbox 449 2213 565 2277; x_wconf 86' lang='lat' dir='ltr'><strong>tempore</strong></span> <span class='ocrx_word' id='word_1_218' title='bbox 577 2205 679 2259; x_wconf 79' lang='lat' dir='ltr'><strong>admitti</strong></span> <span class='ocrx_word' id='word_1_219' title='bbox 689 2221 747 2260; x_wconf 86' lang='lat' dir='ltr'><strong>sese</strong></span> <span class='ocrx_word' id='word_1_220' title='bbox 762 2205 965 2276; x_wconf 74' lang='lat' dir='ltr'><strong>postulaverint,</strong></span> <span class='ocrx_word' id='word_1_221' title='bbox 981 2205 1152 2276; x_wconf 71' lang='lat' dir='ltr'><strong>repudiandos</strong></span> <span class='ocrx_word' id='word_1_222' title='bbox 1169 2205 1289 2259; x_wconf 76' lang='lat' dir='ltr'><strong>decernit</strong></span> <span class='ocrx_word' id='word_1_223' title='bbox 1324 2206 1360 2258; x_wconf 80' lang='lat' dir='ltr'><strong>st</strong></span> <span class='ocrx_word' id='word_1_224' title='bbox 1370 2206 1500 2277; x_wconf 82' lang='lat' dir='ltr'><strong>Exuperii</strong></span> 
     </span>
     <span class='ocr_line' id='line_1_23' title="bbox 332 2291 1497 2362; baseline 0.002 -16"><span class='ocrx_word' id='word_1_225' title='bbox 332 2292 473 2346; x_wconf 71' lang='lat' dir='ltr'><strong>sobeimtio</strong></span> <span class='ocrx_word' id='word_1_226' title='bbox 485 2292 519 2344; x_wconf 81' lang='lat' dir='ltr'><strong>ed</strong></span> <span class='ocrx_word' id='word_1_227' title='bbox 530 2309 575 2345; x_wconf 88' lang='lat' dir='ltr'><strong>eos</strong></span> <span class='ocrx_word' id='word_1_228' title='bbox 586 2296 689 2345; x_wconf 74' lang='lat' dir='ltr'><strong>tanturn</strong></span> <span class='ocrx_word' id='word_1_229' title='bbox 701 2291 846 2362; x_wconf 86' lang='lat' dir='ltr'><strong>pertinebst</strong></span> <span class='ocrx_word' id='word_1_230' title='bbox 856 2292 902 2361; x_wconf 89' lang='lat' dir='ltr'><strong>qui</strong></span> <span class='ocrx_word' id='word_1_231' title='bbox 912 2297 974 2362; x_wconf 85' lang='lat' dir='ltr'><strong>post</strong></span> <span class='ocrx_word' id='word_1_232' title='bbox 984 2291 1081 2344; x_wconf 74' lang='lat' dir='ltr'><strong>anceio</strong></span> <span class='ocrx_word' id='word_1_233' title='bbox 1092 2292 1190 2344; x_wconf 81' lang='lat' dir='ltr'><strong>scelere</strong></span> <span class='ocrx_word' id='word_1_234' title='bbox 1203 2291 1391 2362; x_wconf 60' lang='lat' dir='ltr'><strong>poenitentiam</strong></span> <span class='ocrx_word' id='word_1_235' title='bbox 1406 2293 1435 2346; x_wconf 90' lang='lat' dir='ltr'><strong>in</strong></span> <span class='ocrx_word' id='word_1_236' title='bbox 1452 2309 1497 2348; x_wconf 85' lang='lat' dir='ltr'><strong>ex-</strong></span> 
     </span>
     <span class='ocr_line' id='line_1_24' title="bbox 332 2375 1500 2449; baseline 0.001 -18"><span class='ocrx_word' id='word_1_237' title='bbox 332 2383 444 2432; x_wconf 87' lang='lat' dir='ltr'><strong>tremum</strong></span> <span class='ocrx_word' id='word_1_238' title='bbox 456 2378 525 2430; x_wconf 82' lang='lat' dir='ltr'><strong>vitoe</strong></span> <span class='ocrx_word' id='word_1_239' title='bbox 536 2383 639 2449; x_wconf 89' lang='lat' dir='ltr'><strong>tempus</strong></span> <span class='ocrx_word' id='word_1_240' title='bbox 652 2377 819 2430; x_wconf 83' lang='lat' dir='ltr'><strong>distulissent</strong></span> <span class='ocrx_word' id='word_1_241' title='bbox 852 2377 957 2447; x_wconf 75' lang='lat' dir='ltr'><strong>Alioqui</strong></span> <span class='ocrx_word' id='word_1_242' title='bbox 968 2392 1027 2429; x_wconf 88' lang='lat' dir='ltr'><strong>eum</strong></span> <span class='ocrx_word' id='word_1_243' title='bbox 1037 2375 1133 2430; x_wconf 85' lang='lat' dir='ltr'><strong>infiniti</strong></span> <span class='ocrx_word' id='word_1_244' title='bbox 1144 2393 1257 2430; x_wconf 84' lang='lat' dir='ltr'><strong>oenones</strong></span> <span class='ocrx_word' id='word_1_245' title='bbox 1269 2376 1300 2431; x_wconf 90' lang='lat' dir='ltr'><strong>dc</strong></span> <span class='ocrx_word' id='word_1_246' title='bbox 1311 2377 1451 2448; x_wconf 83' lang='lat' dir='ltr'><strong>lspsornrn</strong></span> <span class='ocrx_word' id='word_1_247' title='bbox 1467 2396 1500 2432; x_wconf 81' lang='lat' dir='ltr'><strong>so</strong></span> 
     </span>
     <span class='ocr_line' id='line_1_25' title="bbox 333 2461 1499 2534; baseline 0 -16"><span class='ocrx_word' id='word_1_248' title='bbox 333 2468 556 2534; x_wconf 65' lang='lat' dir='ltr'><strong>quorumcumque</strong></span> <span class='ocrx_word' id='word_1_249' title='bbox 570 2469 736 2533; x_wconf 86' lang='lat' dir='ltr'><strong>peccetornrn</strong></span> <span class='ocrx_word' id='word_1_250' title='bbox 751 2462 910 2534; x_wconf 83' lang='lat' dir='ltr'><strong>poenitentis</strong></span> <span class='ocrx_word' id='word_1_251' title='bbox 926 2465 953 2514; x_wconf 88' lang='lat' dir='ltr'><strong>et</strong></span> <span class='ocrx_word' id='word_1_252' title='bbox 967 2461 1173 2516; x_wconf 72' lang='lat' dir='ltr'><strong>reconsiliatione</strong></span> <span class='ocrx_word' id='word_1_253' title='bbox 1189 2461 1284 2516; x_wconf 85' lang='lat' dir='ltr'><strong>conditi</strong></span> <span class='ocrx_word' id='word_1_254' title='bbox 1299 2462 1425 2528; x_wconf 83' lang='lat' dir='ltr'><strong>inissent,</strong></span> <span class='ocrx_word' id='word_1_255' title='bbox 1442 2469 1499 2518; x_wconf 74' lang='lat' dir='ltr'><strong>torn</strong></span> 
     </span>
     <span class='ocr_line' id='line_1_26' title="bbox 332 2546 1499 2620; baseline -0.001 -17"><span class='ocrx_word' id='word_1_256' title='bbox 332 2555 392 2603; x_wconf 82' lang='lat' dir='ltr'><strong>onte</strong></span> <span class='ocrx_word' id='word_1_257' title='bbox 409 2564 489 2618; x_wconf 81' lang='lat' dir='ltr'><strong>quoru</strong></span> <span class='ocrx_word' id='word_1_258' title='bbox 505 2554 565 2619; x_wconf 81' lang='lat' dir='ltr'><strong>poet</strong></span> <span class='ocrx_word' id='word_1_259' title='bbox 581 2547 725 2602; x_wconf 81' lang='lat' dir='ltr'><strong>Niceenum</strong></span> <span class='ocrx_word' id='word_1_260' title='bbox 743 2548 893 2612; x_wconf 83' lang='lat' dir='ltr'><strong>concilium,</strong></span> <span class='ocrx_word' id='word_1_261' title='bbox 913 2563 1024 2617; x_wconf 87' lang='lat' dir='ltr'><strong>cumque</strong></span> <span class='ocrx_word' id='word_1_262' title='bbox 1041 2546 1184 2600; x_wconf 84' lang='lat' dir='ltr'><strong>Niceennm</strong></span> <span class='ocrx_word' id='word_1_263' title='bbox 1204 2549 1289 2618; x_wconf 89' lang='lat' dir='ltr'><strong>ipsnrn</strong></span> <span class='ocrx_word' id='word_1_264' title='bbox 1307 2547 1439 2620; x_wconf 76' lang='lat' dir='ltr'><strong>delapsis</strong></span> <span class='ocrx_word' id='word_1_265' title='bbox 1455 2567 1499 2602; x_wconf 88' lang='lat' dir='ltr'><strong>re-</strong></span> 
     </span>
     <span class='ocr_line' id='line_1_27' title="bbox 333 2631 1498 2706; baseline 0 -18"><span class='ocrx_word' id='word_1_266' title='bbox 333 2633 457 2706; x_wconf 87' lang='lat' dir='ltr'><strong>cipiendis</strong></span> <span class='ocrx_word' id='word_1_267' title='bbox 469 2639 523 2688; x_wconf 85' lang='lat' dir='ltr'><strong>tem</strong></span> <span class='ocrx_word' id='word_1_268' title='bbox 535 2633 629 2687; x_wconf 87' lang='lat' dir='ltr'><strong>diserte</strong></span> <span class='ocrx_word' id='word_1_269' title='bbox 642 2635 783 2698; x_wconf 81' lang='lat' dir='ltr'><strong>esurisset,</strong></span> <span class='ocrx_word' id='word_1_270' title='bbox 796 2634 885 2704; x_wconf 82' lang='lat' dir='ltr'><strong>inepto</strong></span> <span class='ocrx_word' id='word_1_271' title='bbox 896 2648 959 2686; x_wconf 81' lang='lat' dir='ltr'><strong>sune</strong></span> <span class='ocrx_word' id='word_1_272' title='bbox 970 2633 1063 2686; x_wconf 83' lang='lat' dir='ltr'><strong>luisset</strong></span> <span class='ocrx_word' id='word_1_273' title='bbox 1073 2631 1197 2702; x_wconf 80' lang='lat' dir='ltr'><strong>Exuperii</strong></span> <span class='ocrx_word' id='word_1_274' title='bbox 1205 2633 1249 2686; x_wconf 83' lang='lat' dir='ltr'><strong>ills</strong></span> <span class='ocrx_word' id='word_1_275' title='bbox 1259 2634 1393 2702; x_wconf 76' lang='lat' dir='ltr'><strong>qur-ostio,</strong></span> <span class='ocrx_word' id='word_1_276' title='bbox 1403 2635 1428 2688; x_wconf 89' lang='lat' dir='ltr'><strong>si</strong></span> <span class='ocrx_word' id='word_1_277' title='bbox 1438 2635 1498 2688; x_wconf 89' lang='lat' dir='ltr'><strong>nni-</strong></span> 
     </span>
     <span class='ocr_line' id='line_1_28' title="bbox 332 2717 1499 2791; baseline 0 -17"><span class='ocrx_word' id='word_1_278' title='bbox 332 2737 406 2774; x_wconf 85' lang='lat' dir='ltr'><strong>rerse</strong></span> <span class='ocrx_word' id='word_1_279' title='bbox 417 2725 496 2789; x_wconf 80' lang='lat' dir='ltr'><strong>etque</strong></span> <span class='ocrx_word' id='word_1_280' title='bbox 507 2718 608 2774; x_wconf 85' lang='lat' dir='ltr'><strong>infinite</strong></span> <span class='ocrx_word' id='word_1_281' title='bbox 619 2725 787 2791; x_wconf 77' lang='lat' dir='ltr'><strong>percontatus</strong></span> <span class='ocrx_word' id='word_1_282' title='bbox 799 2725 875 2773; x_wconf 82' lang='lat' dir='ltr'><strong>esset</strong></span> <span class='ocrx_word' id='word_1_283' title='bbox 906 2717 957 2772; x_wconf 85' lang='lat' dir='ltr'><strong>Sed</strong></span> <span class='ocrx_word' id='word_1_284' title='bbox 968 2719 1092 2772; x_wconf 68' lang='lat' dir='ltr'><strong>mmunm</strong></span> <span class='ocrx_word' id='word_1_285' title='bbox 1104 2719 1167 2782; x_wconf 81' lang='lat' dir='ltr'><strong>eie,</strong></span> <span class='ocrx_word' id='word_1_286' title='bbox 1179 2724 1205 2772; x_wconf 87' lang='lat' dir='ltr'><strong>et</strong></span> <span class='ocrx_word' id='word_1_287' title='bbox 1215 2735 1232 2771; x_wconf 82' lang='lat' dir='ltr'><strong>s</strong></span> <span class='ocrx_word' id='word_1_288' title='bbox 1241 2719 1322 2789; x_wconf 79' lang='lat' dir='ltr'><strong>lapsis</strong></span> <span class='ocrx_word' id='word_1_289' title='bbox 1334 2735 1365 2772; x_wconf 85' lang='lat' dir='ltr'><strong>sc</strong></span> <span class='ocrx_word' id='word_1_290' title='bbox 1377 2728 1499 2790; x_wconf 64' lang='lat' dir='ltr'><strong>pomulo-</strong></span> 
     </span>
     <span class='ocr_line' id='line_1_29' title="bbox 331 2791 1498 2875; baseline 0 -15"><span class='ocrx_word' id='word_1_291' title='bbox 331 2806 404 2860; x_wconf 87' lang='lat' dir='ltr'><strong>ribus</strong></span> <span class='ocrx_word' id='word_1_292' title='bbox 414 2805 520 2875; x_wconf 89' lang='lat' dir='ltr'><strong>reliquis</strong></span> <span class='ocrx_word' id='word_1_293' title='bbox 532 2806 637 2860; x_wconf 88' lang='lat' dir='ltr'><strong>illorum</strong></span> <span class='ocrx_word' id='word_1_294' title='bbox 648 2809 768 2875; x_wconf 75' lang='lat' dir='ltr'><strong>seperate</strong></span> <span class='ocrx_word' id='word_1_295' title='bbox 780 2817 874 2858; x_wconf 79' lang='lat' dir='ltr'><strong>cnosso</strong></span> <span class='ocrx_word' id='word_1_296' title='bbox 884 2803 947 2869; x_wconf 87' lang='lat' dir='ltr'><strong>init,</strong></span> <span class='ocrx_word' id='word_1_297' title='bbox 963 2791 1008 2873; x_wconf 82' lang='lat' dir='ltr'><strong>qui</strong></span> <span class='ocrx_word' id='word_1_298' title='bbox 1023 2803 1209 2873; x_wconf 74' lang='lat' dir='ltr'><strong>poenitentiam</strong></span> <span class='ocrx_word' id='word_1_299' title='bbox 1225 2803 1258 2856; x_wconf 84' lang='lat' dir='ltr'><strong>sd</strong></span> <span class='ocrx_word' id='word_1_300' title='bbox 1271 2804 1395 2858; x_wconf 77' lang='lat' dir='ltr'><strong>instantis</strong></span> <span class='ocrx_word' id='word_1_301' title='bbox 1408 2805 1498 2860; x_wconf 88' lang='lat' dir='ltr'><strong>obitus</strong></span> 
     </span>
     <span class='ocr_line' id='line_1_30' title="bbox 331 2888 1497 2963; baseline 0 -18"><span class='ocrx_word' id='word_1_302' title='bbox 331 2892 475 2963; x_wconf 88' lang='lat' dir='ltr'><strong>pericnlum</strong></span> <span class='ocrx_word' id='word_1_303' title='bbox 494 2907 577 2961; x_wconf 89' lang='lat' dir='ltr'><strong>neque</strong></span> <span class='ocrx_word' id='word_1_304' title='bbox 594 2890 768 2956; x_wconf 89' lang='lat' dir='ltr'><strong>distulissent,</strong></span> <span class='ocrx_word' id='word_1_305' title='bbox 789 2890 884 2961; x_wconf 87' lang='lat' dir='ltr'><strong>quibus</strong></span> <span class='ocrx_word' id='word_1_306' title='bbox 902 2890 982 2942; x_wconf 84' lang='lat' dir='ltr'><strong>etiem</strong></span> <span class='ocrx_word' id='word_1_307' title='bbox 998 2889 1159 2943; x_wconf 85' lang='lat' dir='ltr'><strong>moribundis</strong></span> <span class='ocrx_word' id='word_1_308' title='bbox 1180 2888 1241 2942; x_wconf 90' lang='lat' dir='ltr'><strong>olim</strong></span> <span class='ocrx_word' id='word_1_309' title='bbox 1261 2889 1405 2943; x_wconf 78' lang='lat' dir='ltr'><strong>interclusa</strong></span> <span class='ocrx_word' id='word_1_310' title='bbox 1424 2907 1497 2945; x_wconf 83' lang='lat' dir='ltr'><strong>com·</strong></span> 
     </span>
     <span class='ocr_line' id='line_1_31' title="bbox 331 2973 1498 3046; baseline -0.001 -14"><span class='ocrx_word' id='word_1_311' title='bbox 331 2978 421 3032; x_wconf 84' lang='lat' dir='ltr'><strong>munio</strong></span> <span class='ocrx_word' id='word_1_312' title='bbox 431 2983 479 3033; x_wconf 87' lang='lat' dir='ltr'><strong>est.</strong></span> <span class='ocrx_word' id='word_1_313' title='bbox 498 2975 571 3040; x_wconf 84' lang='lat' dir='ltr'><strong>Quod</strong></span> <span class='ocrx_word' id='word_1_314' title='bbox 578 2975 722 3046; x_wconf 75' lang='lat' dir='ltr'><strong>Cyprianus</strong></span> <span class='ocrx_word' id='word_1_315' title='bbox 732 2975 848 3046; x_wconf 75' lang='lat' dir='ltr'><strong>Epistola</strong></span> <span class='ocrx_word' id='word_1_316' title='bbox 856 2993 891 3030; x_wconf 79' lang='lat' dir='ltr'><strong>nr</strong></span> <span class='ocrx_word' id='word_1_317' title='bbox 904 2975 936 3028; x_wconf 85' lang='lat' dir='ltr'><strong>ud</strong></span> <span class='ocrx_word' id='word_1_318' title='bbox 943 2975 1118 3028; x_wconf 76' lang='lat' dir='ltr'><strong>Antonianum</strong></span> <span class='ocrx_word' id='word_1_319' title='bbox 1128 2973 1258 3028; x_wconf 77' lang='lat' dir='ltr'><strong>euidenter</strong></span> <span class='ocrx_word' id='word_1_320' title='bbox 1266 2974 1409 3044; x_wconf 72' lang='lat' dir='ltr'><strong>significet</strong></span> <span class='ocrx_word' id='word_1_321' title='bbox 1427 2975 1498 3032; x_wconf 81' lang='lat' dir='ltr'><strong>Nsnr</strong></span> 
     </span>
     <span class='ocr_line' id='line_1_32' title="bbox 332 3060 1497 3132; baseline -0.003 -14"><span class='ocrx_word' id='word_1_322' title='bbox 332 3080 392 3118; x_wconf 82' lang='lat' dir='ltr'><strong>cunr</strong></span> <span class='ocrx_word' id='word_1_323' title='bbox 404 3063 528 3116; x_wconf 78' lang='lat' dir='ltr'><strong>adversus</strong></span> <span class='ocrx_word' id='word_1_324' title='bbox 538 3061 561 3116; x_wconf 91' lang='lat' dir='ltr'>N</span> <span class='ocrx_word' id='word_1_325' title='bbox 563 3062 697 3114; x_wconf 72' lang='lat' dir='ltr'><strong>cinnanos</strong></span> <span class='ocrx_word' id='word_1_326' title='bbox 708 3061 746 3114; x_wconf 82' lang='lat' dir='ltr'><strong>ito</strong></span> <span class='ocrx_word' id='word_1_327' title='bbox 758 3061 914 3132; x_wconf 84' lang='lat' dir='ltr'><strong>scripsisset:</strong></span> <span class='ocrx_word' id='word_1_328' title='bbox 927 3060 1011 3113; x_wconf 82' lang='lat' dir='ltr'><strong>Miror</strong></span> <span class='ocrx_word' id='word_1_329' title='bbox 1020 3069 1101 3113; x_wconf 86' lang='lat' dir='ltr'><strong>antem</strong></span> <span class='ocrx_word' id='word_1_330' title='bbox 1111 3062 1229 3130; x_wconf 63' lang='lat' dir='ltr'><strong>mondum</strong></span> <span class='ocrx_word' id='word_1_331' title='bbox 1238 3063 1276 3112; x_wconf 83' lang='lat' dir='ltr'><strong>sic</strong></span> <span class='ocrx_word' id='word_1_332' title='bbox 1285 3061 1426 3114; x_wconf 79' lang='lat' dir='ltr'><strong>obstinatos</strong></span> <span class='ocrx_word' id='word_1_333' title='bbox 1435 3079 1497 3126; x_wconf 78' lang='lat' dir='ltr'><strong>csse,</strong></span> 
     </span>
     <span class='ocr_line' id='line_1_33' title="bbox 332 3147 1497 3218; baseline -0.001 -16"><span class='ocrx_word' id='word_1_334' title='bbox 332 3159 361 3202; x_wconf 85' lang='lat' dir='ltr'><strong>nt</strong></span> <span class='ocrx_word' id='word_1_335' title='bbox 376 3151 490 3202; x_wconf 60' lang='lat' dir='ltr'><strong>&amp;ndens</strong></span> <span class='ocrx_word' id='word_1_336' title='bbox 507 3150 588 3218; x_wconf 84' lang='lat' dir='ltr'><strong>lapsis</strong></span> <span class='ocrx_word' id='word_1_337' title='bbox 606 3166 654 3200; x_wconf 91' lang='lat' dir='ltr'><strong>non</strong></span> <span class='ocrx_word' id='word_1_338' title='bbox 666 3156 758 3218; x_wconf 79' lang='lat' dir='ltr'><strong>putent</strong></span> <span class='ocrx_word' id='word_1_339' title='bbox 768 3151 963 3218; x_wconf 83' lang='lat' dir='ltr'><strong>poenitentiam,</strong></span> <span class='ocrx_word' id='word_1_340' title='bbox 981 3156 1027 3198; x_wconf 84' lang='lat' dir='ltr'><strong>ant</strong></span> <span class='ocrx_word' id='word_1_341' title='bbox 1040 3147 1222 3214; x_wconf 85' lang='lat' dir='ltr'><strong>poenitentibus</strong></span> <span class='ocrx_word' id='word_1_342' title='bbox 1239 3150 1380 3198; x_wconf 68' lang='lat' dir='ltr'><strong>existiment</strong></span> <span class='ocrx_word' id='word_1_343' title='bbox 1395 3151 1497 3200; x_wconf 67' lang='lat' dir='ltr'><strong>neniam</strong></span> 
     </span>
     <span class='ocr_line' id='line_1_34' title="bbox 333 3231 1498 3304; baseline -0.003 -16"><span class='ocrx_word' id='word_1_344' title='bbox 333 3235 521 3303; x_wconf 70' lang='lat' dir='ltr'><strong>denepondamr</strong></span> <span class='ocrx_word' id='word_1_345' title='bbox 533 3238 625 3304; x_wconf 78' lang='lat' dir='ltr'><strong>posteo</strong></span> <span class='ocrx_word' id='word_1_346' title='bbox 636 3233 688 3286; x_wconf 79' lang='lat' dir='ltr'><strong>isla</strong></span> <span class='ocrx_word' id='word_1_347' title='bbox 698 3232 814 3286; x_wconf 82' lang='lat' dir='ltr'><strong>subiicit:</strong></span> <span class='ocrx_word' id='word_1_348' title='bbox 837 3231 872 3284; x_wconf 83' lang='lat' dir='ltr'><strong>Et</strong></span> <span class='ocrx_word' id='word_1_349' title='bbox 883 3234 993 3295; x_wconf 88' lang='lat' dir='ltr'><strong>idcirco,</strong></span> <span class='ocrx_word' id='word_1_350' title='bbox 999 3235 1089 3300; x_wconf 83' lang='lat' dir='ltr'><strong>frater</strong></span> <span class='ocrx_word' id='word_1_351' title='bbox 1100 3235 1243 3294; x_wconf 73' lang='lat' dir='ltr'><strong>corn&#39;ssime,</strong></span> <span class='ocrx_word' id='word_1_352' title='bbox 1254 3235 1435 3300; x_wconf 77' lang='lat' dir='ltr'><strong>poenitentiarii</strong></span> <span class='ocrx_word' id='word_1_353' title='bbox 1448 3252 1498 3285; x_wconf 80' lang='lat' dir='ltr'><strong>son</strong></span> 
     </span>
     <span class='ocr_line' id='line_1_35' title="bbox 333 3317 1497 3388; baseline -0.001 -16"><span class='ocrx_word' id='word_1_354' title='bbox 333 3328 447 3388; x_wconf 64' lang='lat' dir='ltr'><strong>arentes,</strong></span> <span class='ocrx_word' id='word_1_355' title='bbox 461 3336 505 3371; x_wconf 90' lang='lat' dir='ltr'><strong>nec</strong></span> <span class='ocrx_word' id='word_1_356' title='bbox 518 3321 626 3372; x_wconf 87' lang='lat' dir='ltr'><strong>delorem</strong></span> <span class='ocrx_word' id='word_1_357' title='bbox 639 3320 785 3372; x_wconf 82' lang='lat' dir='ltr'><strong>delictorum</strong></span> <span class='ocrx_word' id='word_1_358' title='bbox 796 3335 897 3370; x_wconf 82' lang='lat' dir='ltr'><strong>snorum</strong></span> <span class='ocrx_word' id='word_1_359' title='bbox 908 3325 956 3369; x_wconf 85' lang='lat' dir='ltr'><strong>toto</strong></span> <span class='ocrx_word' id='word_1_360' title='bbox 969 3317 1044 3370; x_wconf 86' lang='lat' dir='ltr'><strong>corde</strong></span> <span class='ocrx_word' id='word_1_361' title='bbox 1056 3325 1080 3368; x_wconf 88' lang='lat' dir='ltr'><strong>et</strong></span> <span class='ocrx_word' id='word_1_362' title='bbox 1090 3319 1226 3384; x_wconf 83' lang='lat' dir='ltr'><strong>manifesta</strong></span> <span class='ocrx_word' id='word_1_363' title='bbox 1235 3318 1425 3370; x_wconf 82' lang='lat' dir='ltr'><strong>lamentationis</strong></span> <span class='ocrx_word' id='word_1_364' title='bbox 1433 3335 1497 3372; x_wconf 78' lang='lat' dir='ltr'><strong>suas</strong></span> 
     </span>
     <span class='ocr_line' id='line_1_36' title="bbox 329 3403 1496 3476; baseline -0.003 -16"><span class='ocrx_word' id='word_1_365' title='bbox 329 3408 488 3476; x_wconf 82' lang='lat' dir='ltr'><strong>professione</strong></span> <span class='ocrx_word' id='word_1_366' title='bbox 500 3413 629 3469; x_wconf 83' lang='lat' dir='ltr'><strong>testantes,</strong></span> <span class='ocrx_word' id='word_1_367' title='bbox 642 3403 814 3474; x_wconf 78' lang='lat' dir='ltr'><strong>probibendus</strong></span> <span class='ocrx_word' id='word_1_368' title='bbox 825 3406 923 3456; x_wconf 89' lang='lat' dir='ltr'><strong>omnino</strong></span> <span class='ocrx_word' id='word_1_369' title='bbox 936 3406 1074 3456; x_wconf 84' lang='lat' dir='ltr'><strong>censuimus</strong></span> <span class='ocrx_word' id='word_1_370' title='bbox 1086 3422 1103 3454; x_wconf 96' lang='lat' dir='ltr'><strong>a</strong></span> <span class='ocrx_word' id='word_1_371' title='bbox 1114 3419 1158 3471; x_wconf 86' lang='lat' dir='ltr'><strong>sps</strong></span> <span class='ocrx_word' id='word_1_372' title='bbox 1170 3405 1401 3456; x_wconf 80' lang='lat' dir='ltr'><strong>communicationis</strong></span> <span class='ocrx_word' id='word_1_373' title='bbox 1412 3413 1439 3456; x_wconf 87' lang='lat' dir='ltr'><strong>st</strong></span> <span class='ocrx_word' id='word_1_374' title='bbox 1446 3423 1496 3474; x_wconf 87' lang='lat' dir='ltr'><strong>pa·</strong></span> 
     </span>
     <span class='ocr_line' id='line_1_37' title="bbox 333 3488 1496 3559; baseline -0.002 -15"><span class='ocrx_word' id='word_1_375' title='bbox 333 3496 383 3554; x_wconf 85' lang='lat' dir='ltr'><strong>ris,</strong></span> <span class='ocrx_word' id='word_1_376' title='bbox 399 3494 424 3543; x_wconf 87' lang='lat' dir='ltr'><strong>si</strong></span> <span class='ocrx_word' id='word_1_377' title='bbox 440 3494 466 3542; x_wconf 87' lang='lat' dir='ltr'><strong>in</strong></span> <span class='ocrx_word' id='word_1_378' title='bbox 481 3493 629 3559; x_wconf 80' lang='lat' dir='ltr'><strong>infirmitate</strong></span> <span class='ocrx_word' id='word_1_379' title='bbox 640 3499 714 3559; x_wconf 80' lang='lat' dir='ltr'><strong>atque</strong></span> <span class='ocrx_word' id='word_1_380' title='bbox 725 3495 752 3542; x_wconf 89' lang='lat' dir='ltr'><strong>in</strong></span> <span class='ocrx_word' id='word_1_381' title='bbox 759 3491 878 3558; x_wconf 83' lang='lat' dir='ltr'><strong>periculo</strong></span> <span class='ocrx_word' id='word_1_382' title='bbox 890 3491 1018 3558; x_wconf 81' lang='lat' dir='ltr'><strong>coeperint</strong></span> <span class='ocrx_word' id='word_1_383' title='bbox 1029 3489 1178 3557; x_wconf 83' lang='lat' dir='ltr'><strong>deprecari,</strong></span> <span class='ocrx_word' id='word_1_384' title='bbox 1194 3492 1254 3556; x_wconf 82' lang='lat' dir='ltr'><strong>qnia</strong></span> <span class='ocrx_word' id='word_1_385' title='bbox 1265 3505 1360 3556; x_wconf 73' lang='lat' dir='ltr'><strong>reparo</strong></span> <span class='ocrx_word' id='word_1_386' title='bbox 1372 3488 1432 3540; x_wconf 89' lang='lat' dir='ltr'><strong>illos</strong></span> <span class='ocrx_word' id='word_1_387' title='bbox 1446 3507 1496 3542; x_wconf 82' lang='lat' dir='ltr'><strong>son</strong></span> 
     </span>
     <span class='ocr_line' id='line_1_38' title="bbox 334 3573 1497 3646; baseline -0.005 -16"><span class='ocrx_word' id='word_1_388' title='bbox 334 3578 422 3630; x_wconf 90' lang='lat' dir='ltr'><strong>delicti</strong></span> <span class='ocrx_word' id='word_1_389' title='bbox 429 3579 596 3646; x_wconf 70' lang='lat' dir='ltr'><strong>possidentia,</strong></span> <span class='ocrx_word' id='word_1_390' title='bbox 608 3576 654 3627; x_wconf 89' lang='lat' dir='ltr'><strong>scd</strong></span> <span class='ocrx_word' id='word_1_391' title='bbox 662 3580 748 3628; x_wconf 73' lang='lat' dir='ltr'><strong>intortis</strong></span> <span class='ocrx_word' id='word_1_392' title='bbox 756 3579 868 3643; x_wconf 76' lang='lat' dir='ltr'><strong>nrpcntis</strong></span> <span class='ocrx_word' id='word_1_393' title='bbox 877 3575 1013 3626; x_wconf 83' lang='lat' dir='ltr'><strong>admonitio</strong></span> <span class='ocrx_word' id='word_1_394' title='bbox 1024 3573 1159 3642; x_wconf 86' lang='lat' dir='ltr'><strong>compellit,</strong></span> <span class='ocrx_word' id='word_1_395' title='bbox 1172 3589 1215 3624; x_wconf 90' lang='lat' dir='ltr'><strong>nec</strong></span> <span class='ocrx_word' id='word_1_396' title='bbox 1225 3574 1317 3640; x_wconf 66' lang='lat' dir='ltr'><strong>dignus</strong></span> <span class='ocrx_word' id='word_1_397' title='bbox 1326 3581 1364 3624; x_wconf 83' lang='lat' dir='ltr'><strong>est</strong></span> <span class='ocrx_word' id='word_1_398' title='bbox 1372 3578 1497 3643; x_wconf 82' lang='lat' dir='ltr'><strong>accipere</strong></span> 
     </span>
     <span class='ocr_line' id='line_1_39' title="bbox 332 3656 1497 3730; baseline -0.005 -14"><span class='ocrx_word' id='word_1_399' title='bbox 332 3663 450 3716; x_wconf 81' lang='lat' dir='ltr'><strong>cointium</strong></span> <span class='ocrx_word' id='word_1_400' title='bbox 461 3665 504 3730; x_wconf 82' lang='lat' dir='ltr'><strong>pri</strong></span> <span class='ocrx_word' id='word_1_401' title='bbox 514 3679 540 3714; x_wconf 89' lang='lat' dir='ltr'><strong>se</strong></span> <span class='ocrx_word' id='word_1_402' title='bbox 553 3679 600 3712; x_wconf 88' lang='lat' dir='ltr'><strong>non</strong></span> <span class='ocrx_word' id='word_1_403' title='bbox 612 3665 735 3728; x_wconf 77' lang='lat' dir='ltr'><strong>copitaoit</strong></span> <span class='ocrx_word' id='word_1_404' title='bbox 746 3678 798 3712; x_wconf 87' lang='lat' dir='ltr'><strong>cssc</strong></span> <span class='ocrx_word' id='word_1_405' title='bbox 811 3663 963 3713; x_wconf 80' lang='lat' dir='ltr'><strong>moriturum.</strong></span> <span class='ocrx_word' id='word_1_406' title='bbox 993 3657 1031 3712; x_wconf 90' lang='lat' dir='ltr'><strong>De</strong></span> <span class='ocrx_word' id='word_1_407' title='bbox 1043 3657 1074 3710; x_wconf 90' lang='lat' dir='ltr'><strong>iis</strong></span> <span class='ocrx_word' id='word_1_408' title='bbox 1086 3663 1112 3710; x_wconf 90' lang='lat' dir='ltr'><strong>et</strong></span> <span class='ocrx_word' id='word_1_409' title='bbox 1122 3656 1268 3726; x_wconf 76' lang='lat' dir='ltr'><strong>Exuperius</strong></span> <span class='ocrx_word' id='word_1_410' title='bbox 1280 3657 1497 3726; x_wconf 76' lang='lat' dir='ltr'><strong>interrogarent,</strong></span> 
     </span>
     <span class='ocr_line' id='line_1_40' title="bbox 333 3742 1497 3819; baseline -0.003 -17"><span class='ocrx_word' id='word_1_411' title='bbox 333 3754 360 3802; x_wconf 88' lang='lat' dir='ltr'><strong>et</strong></span> <span class='ocrx_word' id='word_1_412' title='bbox 371 3746 510 3819; x_wconf 88' lang='lat' dir='ltr'><strong>respondet</strong></span> <span class='ocrx_word' id='word_1_413' title='bbox 521 3746 699 3810; x_wconf 87' lang='lat' dir='ltr'><strong>innocentius,</strong></span> <span class='ocrx_word' id='word_1_414' title='bbox 711 3745 805 3815; x_wconf 87' lang='lat' dir='ltr'><strong>quibus</strong></span> <span class='ocrx_word' id='word_1_415' title='bbox 817 3750 940 3815; x_wconf 79' lang='lat' dir='ltr'><strong>negstsrn</strong></span> <span class='ocrx_word' id='word_1_416' title='bbox 952 3760 1008 3796; x_wconf 83' lang='lat' dir='ltr'><strong>esse</strong></span> <span class='ocrx_word' id='word_1_417' title='bbox 1020 3743 1229 3796; x_wconf 85' lang='lat' dir='ltr'><strong>communionem</strong></span> <span class='ocrx_word' id='word_1_418' title='bbox 1241 3742 1337 3796; x_wconf 83' lang='lat' dir='ltr'><strong>mirum</strong></span> <span class='ocrx_word' id='word_1_419' title='bbox 1347 3743 1431 3796; x_wconf 83' lang='lat' dir='ltr'><strong>rideri</strong></span> <span class='ocrx_word' id='word_1_420' title='bbox 1440 3761 1497 3798; x_wconf 80' lang='lat' dir='ltr'><strong>nou</strong></span> 
     </span>
     <span class='ocr_line' id='line_1_41' title="bbox 334 3827 1497 3901; baseline -0.003 -15"><span class='ocrx_word' id='word_1_421' title='bbox 334 3833 422 3898; x_wconf 87' lang='lat' dir='ltr'><strong>debet,</strong></span> <span class='ocrx_word' id='word_1_422' title='bbox 440 3849 499 3886; x_wconf 86' lang='lat' dir='ltr'><strong>cnm</strong></span> <span class='ocrx_word' id='word_1_423' title='bbox 512 3829 775 3896; x_wconf 69' lang='lat' dir='ltr'><strong>reineresbrunnen,</strong></span> <span class='ocrx_word' id='word_1_424' title='bbox 792 3831 848 3901; x_wconf 91' lang='lat' dir='ltr'><strong>qui,</strong></span> <span class='ocrx_word' id='word_1_425' title='bbox 864 3829 933 3900; x_wconf 89' lang='lat' dir='ltr'><strong>qnod</strong></span> <span class='ocrx_word' id='word_1_426' title='bbox 949 3827 1065 3883; x_wconf 87' lang='lat' dir='ltr'><strong>nendum</strong></span> <span class='ocrx_word' id='word_1_427' title='bbox 1076 3827 1199 3882; x_wconf 79' lang='lat' dir='ltr'><strong>ecclesius</strong></span> <span class='ocrx_word' id='word_1_428' title='bbox 1211 3828 1333 3898; x_wconf 75' lang='lat' dir='ltr'><strong>potestati</strong></span> <span class='ocrx_word' id='word_1_429' title='bbox 1343 3827 1445 3882; x_wconf 85' lang='lat' dir='ltr'><strong>subditi</strong></span> <span class='ocrx_word' id='word_1_430' title='bbox 1455 3845 1497 3882; x_wconf 79' lang='lat' dir='ltr'><strong>es-</strong></span> 
     </span>
     <span class='ocr_line' id='line_1_42' title="bbox 334 3913 1497 3983; baseline -0.005 -9"><span class='ocrx_word' id='word_1_431' title='bbox 334 3925 405 3983; x_wconf 89' lang='lat' dir='ltr'><strong>sent,</strong></span> <span class='ocrx_word' id='word_1_432' title='bbox 421 3917 561 3972; x_wconf 77' lang='lat' dir='ltr'><strong>humerius</strong></span> <span class='ocrx_word' id='word_1_433' title='bbox 579 3915 705 3970; x_wconf 68' lang='lat' dir='ltr'><strong>iracundi</strong></span> <span class='ocrx_word' id='word_1_434' title='bbox 721 3915 836 3981; x_wconf 82' lang='lat' dir='ltr'><strong>luerent,</strong></span> <span class='ocrx_word' id='word_1_435' title='bbox 853 3915 944 3969; x_wconf 86' lang='lat' dir='ltr'><strong>eedem</strong></span> <span class='ocrx_word' id='word_1_436' title='bbox 960 3913 1006 3968; x_wconf 86' lang='lat' dir='ltr'><strong>ills</strong></span> <span class='ocrx_word' id='word_1_437' title='bbox 1022 3928 1150 3967; x_wconf 77' lang='lat' dir='ltr'><strong>cononum</strong></span> <span class='ocrx_word' id='word_1_438' title='bbox 1167 3913 1290 3966; x_wconf 77' lang='lat' dir='ltr'><strong>severitus</strong></span> <span class='ocrx_word' id='word_1_439' title='bbox 1305 3914 1497 3982; x_wconf 70' lang='lat' dir='ltr'><strong>pcntrinxsrit.</strong></span> 
     </span>
     <span class='ocr_line' id='line_1_43' title="bbox 336 3996 1497 4074; baseline -0.005 -16"><span class='ocrx_word' id='word_1_440' title='bbox 336 4003 405 4058; x_wconf 82' lang='lat' dir='ltr'><strong>Nem</strong></span> <span class='ocrx_word' id='word_1_441' title='bbox 417 4003 462 4074; x_wconf 90' lang='lat' dir='ltr'><strong>qui</strong></span> <span class='ocrx_word' id='word_1_442' title='bbox 474 4003 633 4074; x_wconf 74' lang='lat' dir='ltr'><strong>baptismum</strong></span> <span class='ocrx_word' id='word_1_443' title='bbox 644 4003 672 4056; x_wconf 92' lang='lat' dir='ltr'><strong>in</strong></span> <span class='ocrx_word' id='word_1_444' title='bbox 684 4002 784 4055; x_wconf 88' lang='lat' dir='ltr'><strong>obitum</strong></span> <span class='ocrx_word' id='word_1_445' title='bbox 795 4017 878 4071; x_wconf 89' lang='lat' dir='ltr'><strong>nsque</strong></span> <span class='ocrx_word' id='word_1_446' title='bbox 889 4005 1084 4071; x_wconf 80' lang='lat' dir='ltr'><strong>prorogseeent,</strong></span> <span class='ocrx_word' id='word_1_447' title='bbox 1101 4015 1152 4052; x_wconf 92' lang='lat' dir='ltr'><strong>nou</strong></span> <span class='ocrx_word' id='word_1_448' title='bbox 1164 3998 1216 4052; x_wconf 88' lang='lat' dir='ltr'><strong>illie</strong></span> <span class='ocrx_word' id='word_1_449' title='bbox 1227 3996 1330 4066; x_wconf 85' lang='lat' dir='ltr'><strong>quidem</strong></span> <span class='ocrx_word' id='word_1_450' title='bbox 1342 3999 1412 4068; x_wconf 82' lang='lat' dir='ltr'><strong>qnod</strong></span> <span class='ocrx_word' id='word_1_451' title='bbox 1424 4006 1497 4068; x_wconf 87' lang='lat' dir='ltr'><strong>pste-</strong></span> 
     </span>
     <span class='ocr_line' id='line_1_44' title="bbox 335 4081 1498 4159; baseline -0.004 -14"><span class='ocrx_word' id='word_1_452' title='bbox 335 4091 399 4145; x_wconf 77' lang='lat' dir='ltr'><strong>bent</strong></span> <span class='ocrx_word' id='word_1_453' title='bbox 411 4088 568 4159; x_wconf 71' lang='lat' dir='ltr'><strong>denegatum</strong></span> <span class='ocrx_word' id='word_1_454' title='bbox 584 4087 648 4152; x_wconf 86' lang='lat' dir='ltr'><strong>init,</strong></span> <span class='ocrx_word' id='word_1_455' title='bbox 665 4087 711 4140; x_wconf 88' lang='lat' dir='ltr'><strong>sed</strong></span> <span class='ocrx_word' id='word_1_456' title='bbox 727 4087 805 4140; x_wconf 85' lang='lat' dir='ltr'><strong>iidem</strong></span> <span class='ocrx_word' id='word_1_457' title='bbox 818 4087 888 4140; x_wconf 83' lang='lat' dir='ltr'><strong>velut</strong></span> <span class='ocrx_word' id='word_1_458' title='bbox 902 4085 1024 4140; x_wconf 76' lang='lat' dir='ltr'><strong>inlumise</strong></span> <span class='ocrx_word' id='word_1_459' title='bbox 1036 4084 1103 4138; x_wconf 82' lang='lat' dir='ltr'><strong>notis</strong></span> <span class='ocrx_word' id='word_1_460' title='bbox 1115 4083 1195 4137; x_wconf 88' lang='lat' dir='ltr'><strong>inusti</strong></span> <span class='ocrx_word' id='word_1_461' title='bbox 1205 4099 1222 4136; x_wconf 81' lang='lat' dir='ltr'><strong>e</strong></span> <span class='ocrx_word' id='word_1_462' title='bbox 1233 4081 1378 4136; x_wconf 65' lang='lat' dir='ltr'><strong>racematio</strong></span> <span class='ocrx_word' id='word_1_463' title='bbox 1388 4085 1498 4155; x_wconf 77' lang='lat' dir='ltr'><strong>penitus</strong></span> 
     </span>
     <span class='ocr_line' id='line_1_45' title="bbox 334 4167 1498 4245; baseline -0.005 -15"><span class='ocrx_word' id='word_1_464' title='bbox 334 4175 501 4238; x_wconf 74' lang='lat' dir='ltr'><strong>arcebantur3</strong></span> <span class='ocrx_word' id='word_1_465' title='bbox 513 4189 579 4245; x_wconf 88' lang='lat' dir='ltr'><strong>quos</strong></span> <span class='ocrx_word' id='word_1_466' title='bbox 591 4174 669 4228; x_wconf 83' lang='lat' dir='ltr'><strong>etism</strong></span> <span class='ocrx_word' id='word_1_467' title='bbox 681 4171 788 4226; x_wconf 89' lang='lat' dir='ltr'><strong>clinicos</strong></span> <span class='ocrx_word' id='word_1_468' title='bbox 800 4171 981 4236; x_wconf 75' lang='lat' dir='ltr'><strong>nominabunt,</strong></span> <span class='ocrx_word' id='word_1_469' title='bbox 993 4169 1061 4241; x_wconf 88' lang='lat' dir='ltr'><strong>qnod</strong></span> <span class='ocrx_word' id='word_1_470' title='bbox 1072 4170 1100 4222; x_wconf 90' lang='lat' dir='ltr'><strong>in</strong></span> <span class='ocrx_word' id='word_1_471' title='bbox 1111 4184 1205 4222; x_wconf 75' lang='lat' dir='ltr'><strong>causes</strong></span> <span class='ocrx_word' id='word_1_472' title='bbox 1215 4167 1353 4222; x_wconf 79' lang='lat' dir='ltr'><strong>Nonotinni</strong></span> <span class='ocrx_word' id='word_1_473' title='bbox 1365 4173 1498 4224; x_wconf 80' lang='lat' dir='ltr'><strong>testsntnr</strong></span> 
     </span>
     <span class='ocr_line' id='line_1_46' title="bbox 334 4253 1497 4322; baseline -0.009 -6"><span class='ocrx_word' id='word_1_474' title='bbox 334 4260 383 4316; x_wconf 80' lang='lat' dir='ltr'><strong>SS.</strong></span> <span class='ocrx_word' id='word_1_475' title='bbox 396 4259 444 4314; x_wconf 88' lang='grc' dir='ltr'><strong>ΡΡ.</strong></span> <span class='ocrx_word' id='word_1_476' title='bbox 458 4264 484 4312; x_wconf 89' lang='lat' dir='ltr'><strong>et</strong></span> <span class='ocrx_word' id='word_1_477' title='bbox 498 4275 570 4314; x_wconf 90' lang='lat' dir='ltr'><strong>cone.</strong></span> <span class='ocrx_word' id='word_1_478' title='bbox 582 4258 799 4314; x_wconf 79' lang='lat' dir='ltr'><strong>Neocaessriense</strong></span> <span class='ocrx_word' id='word_1_479' title='bbox 817 4257 929 4310; x_wconf 82' lang='lat' dir='ltr'><strong>decrerit</strong></span> <span class='ocrx_word' id='word_1_480' title='bbox 945 4256 1008 4311; x_wconf 79' lang='lat' dir='ltr'><strong>Gen.</strong></span> <span class='ocrx_word' id='word_1_481' title='bbox 1020 4274 1066 4308; x_wconf 74' lang='grc' dir='ltr'>ιιι.</span> <span class='ocrx_word' id='word_1_482' title='bbox 1101 4253 1138 4306; x_wconf 90' lang='lat' dir='ltr'><strong>De</strong></span> <span class='ocrx_word' id='word_1_483' title='bbox 1150 4255 1249 4308; x_wconf 87' lang='lat' dir='ltr'><strong>clinicis</strong></span> <span class='ocrx_word' id='word_1_484' title='bbox 1260 4253 1347 4322; x_wconf 80' lang='lat' dir='ltr'><strong>igitur,</strong></span> <span class='ocrx_word' id='word_1_485' title='bbox 1364 4259 1395 4306; x_wconf 87' lang='lat' dir='ltr'><strong>ut</strong></span> <span class='ocrx_word' id='word_1_486' title='bbox 1407 4254 1447 4306; x_wconf 84' lang='lat' dir='ltr'><strong>its</strong></span> <span class='ocrx_word' id='word_1_487' title='bbox 1457 4254 1497 4306; x_wconf 91' lang='lat' dir='ltr'><strong>di·</strong></span> 
     </span>
     <span class='ocr_line' id='line_1_47' title="bbox 334 4338 1495 4416; baseline -0.005 -16"><span class='ocrx_word' id='word_1_488' title='bbox 334 4362 406 4410; x_wconf 76' lang='lat' dir='ltr'><strong>cum,</strong></span> <span class='ocrx_word' id='word_1_489' title='bbox 418 4344 610 4416; x_wconf 86' lang='lat' dir='ltr'><strong>poenitentibus</strong></span> <span class='ocrx_word' id='word_1_490' title='bbox 622 4344 802 4415; x_wconf 73' lang='lat' dir='ltr'><strong>accipiendum</strong></span> <span class='ocrx_word' id='word_1_491' title='bbox 813 4351 853 4396; x_wconf 86' lang='lat' dir='ltr'><strong>est</strong></span> <span class='ocrx_word' id='word_1_492' title='bbox 860 4341 1012 4412; x_wconf 88' lang='lat' dir='ltr'><strong>rescriptum</strong></span> <span class='ocrx_word' id='word_1_493' title='bbox 1021 4338 1083 4394; x_wconf 91' lang='lat' dir='ltr'><strong>illud</strong></span> <span class='ocrx_word' id='word_1_494' title='bbox 1092 4338 1244 4394; x_wconf 87' lang='lat' dir='ltr'><strong>innocentii.</strong></span> <span class='ocrx_word' id='word_1_495' title='bbox 1262 4338 1309 4392; x_wconf 81' lang='lat' dir='ltr'><strong>l&#39;el</strong></span> <span class='ocrx_word' id='word_1_496' title='bbox 1320 4340 1422 4408; x_wconf 85' lang='lat' dir='ltr'><strong>potius,</strong></span> <span class='ocrx_word' id='word_1_497' title='bbox 1434 4356 1495 4394; x_wconf 82' lang='lat' dir='ltr'><strong>curn</strong></span> 
     </span>
     <span class='ocr_line' id='line_1_48' title="bbox 334 4424 1495 4500; baseline -0.005 -16"><span class='ocrx_word' id='word_1_498' title='bbox 334 4429 403 4485; x_wconf 84' lang='lat' dir='ltr'><strong>etde</strong></span> <span class='ocrx_word' id='word_1_499' title='bbox 415 4431 466 4484; x_wconf 88' lang='lat' dir='ltr'><strong>illis</strong></span> <span class='ocrx_word' id='word_1_500' title='bbox 477 4435 541 4500; x_wconf 76' lang='lat' dir='ltr'><strong>eget</strong></span> <span class='ocrx_word' id='word_1_501' title='bbox 552 4431 704 4500; x_wconf 76' lang='lat' dir='ltr'><strong>praecipue,</strong></span> <span class='ocrx_word' id='word_1_502' title='bbox 721 4434 747 4482; x_wconf 86' lang='lat' dir='ltr'><strong>et</strong></span> <span class='ocrx_word' id='word_1_503' title='bbox 763 4446 794 4482; x_wconf 90' lang='lat' dir='ltr'><strong>eo</strong></span> <span class='ocrx_word' id='word_1_504' title='bbox 810 4429 922 4482; x_wconf 72' lang='lat' dir='ltr'><strong>neuntio</strong></span> <span class='ocrx_word' id='word_1_505' title='bbox 938 4434 994 4481; x_wconf 83' lang='lat' dir='ltr'><strong>tote</strong></span> <span class='ocrx_word' id='word_1_506' title='bbox 1008 4424 1140 4490; x_wconf 82' lang='lat' dir='ltr'><strong>referetur,</strong></span> <span class='ocrx_word' id='word_1_507' title='bbox 1157 4424 1234 4478; x_wconf 84' lang='lat' dir='ltr'><strong>altius</strong></span> <span class='ocrx_word' id='word_1_508' title='bbox 1251 4429 1339 4478; x_wconf 82' lang='lat' dir='ltr'><strong>tomen</strong></span> <span class='ocrx_word' id='word_1_509' title='bbox 1355 4424 1495 4494; x_wconf 75' lang='lat' dir='ltr'><strong>negotium</strong></span> 
     </span>
     <span class='ocr_line' id='line_1_49' title="bbox 334 4507 1494 4586; baseline -0.007 -16"><span class='ocrx_word' id='word_1_510' title='bbox 334 4521 467 4586; x_wconf 86' lang='lat' dir='ltr'><strong>repetens,</strong></span> <span class='ocrx_word' id='word_1_511' title='bbox 479 4515 541 4586; x_wconf 87' lang='lat' dir='ltr'><strong>quid</strong></span> <span class='ocrx_word' id='word_1_512' title='bbox 553 4514 584 4568; x_wconf 91' lang='lat' dir='ltr'><strong>de</strong></span> <span class='ocrx_word' id='word_1_513' title='bbox 597 4516 668 4568; x_wconf 88' lang='lat' dir='ltr'><strong>omni</strong></span> <span class='ocrx_word' id='word_1_514' title='bbox 678 4521 844 4585; x_wconf 78' lang='lat' dir='ltr'><strong>peccatorum</strong></span> <span class='ocrx_word' id='word_1_515' title='bbox 856 4529 951 4584; x_wconf 86' lang='lat' dir='ltr'><strong>genere</strong></span> <span class='ocrx_word' id='word_1_516' title='bbox 963 4511 1083 4566; x_wconf 81' lang='lat' dir='ltr'><strong>ecclesius</strong></span> <span class='ocrx_word' id='word_1_517' title='bbox 1094 4509 1253 4564; x_wconf 87' lang='lat' dir='ltr'><strong>consuetudo</strong></span> <span class='ocrx_word' id='word_1_518' title='bbox 1264 4507 1388 4572; x_wconf 86' lang='lat' dir='ltr'><strong>tenuerit,</strong></span> <span class='ocrx_word' id='word_1_519' title='bbox 1400 4509 1428 4562; x_wconf 92' lang='lat' dir='ltr'><strong>in</strong></span> <span class='ocrx_word' id='word_1_520' title='bbox 1439 4525 1494 4562; x_wconf 87' lang='lat' dir='ltr'><strong>rne-</strong></span> 
     </span>
     <span class='ocr_line' id='line_1_50' title="bbox 335 4593 1494 4670; baseline -0.006 -14"><span class='ocrx_word' id='word_1_521' title='bbox 335 4601 445 4658; x_wconf 77' lang='lat' dir='ltr'><strong>noriam</strong></span> <span class='ocrx_word' id='word_1_522' title='bbox 461 4605 578 4666; x_wconf 74' lang='lat' dir='ltr'><strong>revomi,</strong></span> <span class='ocrx_word' id='word_1_523' title='bbox 599 4599 668 4670; x_wconf 90' lang='lat' dir='ltr'><strong>qnod</strong></span> <span class='ocrx_word' id='word_1_524' title='bbox 690 4599 722 4654; x_wconf 83' lang='lat' dir='ltr'><strong>sd</strong></span> <span class='ocrx_word' id='word_1_525' title='bbox 744 4600 849 4654; x_wconf 87' lang='lat' dir='ltr'><strong>clinicos</strong></span> <span class='ocrx_word' id='word_1_526' title='bbox 866 4600 931 4654; x_wconf 88' lang='lat' dir='ltr'><strong>istos</strong></span> <span class='ocrx_word' id='word_1_527' title='bbox 948 4597 1106 4667; x_wconf 85' lang='lat' dir='ltr'><strong>suspicamur</strong></span> <span class='ocrx_word' id='word_1_528' title='bbox 1125 4603 1217 4665; x_wconf 84' lang='lat' dir='ltr'><strong>postes</strong></span> <span class='ocrx_word' id='word_1_529' title='bbox 1235 4593 1316 4648; x_wconf 85' lang='lat' dir='ltr'><strong>luisse</strong></span> <span class='ocrx_word' id='word_1_530' title='bbox 1335 4595 1494 4649; x_wconf 79' lang='lat' dir='ltr'><strong>restrictum.</strong></span> 
     </span>
    </p>
   </div>
   <div class='ocr_carea' id='block_1_3' title="bbox 0 0 1630 5158">
    <p class='ocr_par' dir='ltr' id='par_1_3' title="bbox 0 0 1630 5158">
     <span class='ocr_line' id='line_1_51' title="bbox 0 0 1630 5158; baseline 0 0"><span class='ocrx_word' id='word_1_531' title='bbox 0 0 1630 5158; x_wconf 95' lang='lat' dir='ltr'><strong> </strong></span> 
     </span>
    </p>
   </div>
  </div>
 </body>
</html>
