<?xml version="1.0" encoding="UTF-8"?>
<!DOCTYPE html PUBLIC "-//W3C//DTD XHTML 1.0 Transitional//EN"
    "http://www.w3.org/TR/xhtml1/DTD/xhtml1-transitional.dtd">
<html xmlns="http://www.w3.org/1999/xhtml" xml:lang="en" lang="en">
 <head>
  <title>
</title>
<meta http-equiv="Content-Type" content="text/html;charset=utf-8" />
  <meta name='ocr-system' content='tesseract 3.04.00' />
  <meta name='ocr-capabilities' content='ocr_page ocr_carea ocr_par ocr_line ocrx_word'/>
</head>
<body>
  <div class='ocr_page' id='page_1' title='image "./corporishaerese03unkngoog_0427.png"; bbox 0 0 3274 5154; ppageno 0'>
   <div class='ocr_carea' id='block_1_1' title="bbox 270 383 425 452">
    <p class='ocr_par' dir='ltr' id='par_1_1' title="bbox 270 383 425 452">
     <span class='ocr_line' id='line_1_1' title="bbox 270 383 425 452; baseline 0.013 -10"><span class='ocrx_word' id='word_1_1' title='bbox 270 447 272 452; x_wconf 65' lang='grc'>,</span> <span class='ocrx_word' id='word_1_2' title='bbox 326 383 425 444; x_wconf 78' lang='lat' dir='ltr'><strong>ccciv</strong></span> 
     </span>
    </p>
   </div>
   <div class='ocr_carea' id='block_1_2' title="bbox 225 540 1499 4708">
    <p class='ocr_par' dir='ltr' id='par_1_2' title="bbox 225 540 1499 4708">
     <span class='ocr_line' id='line_1_2' title="bbox 225 540 1495 612; baseline 0 -18"><span class='ocrx_word' id='word_1_3' title='bbox 225 553 298 605; x_wconf 62' lang='lat' dir='ltr'><strong>pate.</strong></span> <span class='ocrx_word' id='word_1_4' title='bbox 325 543 459 607; x_wconf 71' lang='lat' dir='ltr'><strong>violarint,</strong></span> <span class='ocrx_word' id='word_1_5' title='bbox 477 541 567 594; x_wconf 88' lang='lat' dir='ltr'><strong>eadem</strong></span> <span class='ocrx_word' id='word_1_6' title='bbox 585 555 637 612; x_wconf 83' lang='lat' dir='ltr'><strong>qua</strong></span> <span class='ocrx_word' id='word_1_7' title='bbox 653 542 751 611; x_wconf 89' lang='lat' dir='ltr'><strong>digami</strong></span> <span class='ocrx_word' id='word_1_8' title='bbox 768 557 853 612; x_wconf 89' lang='lat' dir='ltr'><strong>poena</strong></span> <span class='ocrx_word' id='word_1_9' title='bbox 870 541 1044 598; x_wconf 75' lang='lat' dir='ltr'><strong>coirceantur.</strong></span> <span class='ocrx_word' id='word_1_10' title='bbox 1075 542 1188 612; x_wconf 76' lang='lat' dir='ltr'><strong>Apparet</strong></span> <span class='ocrx_word' id='word_1_11' title='bbox 1203 542 1283 610; x_wconf 87' lang='lat' dir='ltr'><strong>igitur</strong></span> <span class='ocrx_word' id='word_1_12' title='bbox 1294 540 1414 610; x_wconf 86' lang='lat' dir='ltr'><strong>digamos</strong></span> <span class='ocrx_word' id='word_1_13' title='bbox 1427 540 1495 594; x_wconf 85' lang='lat' dir='ltr'><strong>alirn</strong></span> 
     </span>
     <span class='ocr_line' id='line_1_3' title="bbox 325 625 1497 698; baseline -0.002 -18"><span class='ocrx_word' id='word_1_14' title='bbox 325 628 469 698; x_wconf 78' lang='lat' dir='ltr'><strong>ignominia</strong></span> <span class='ocrx_word' id='word_1_15' title='bbox 480 631 584 680; x_wconf 82' lang='lat' dir='ltr'><strong>notatos</strong></span> <span class='ocrx_word' id='word_1_16' title='bbox 596 631 622 679; x_wconf 89' lang='lat' dir='ltr'><strong>et</strong></span> <span class='ocrx_word' id='word_1_17' title='bbox 633 627 666 679; x_wconf 90' lang='lat' dir='ltr'><strong>ad</strong></span> <span class='ocrx_word' id='word_1_18' title='bbox 680 627 811 697; x_wconf 81' lang='lat' dir='ltr'><strong>publicam</strong></span> <span class='ocrx_word' id='word_1_19' title='bbox 827 628 1025 698; x_wconf 88' lang='lat' dir='ltr'><strong>poenitentiam,</strong></span> <span class='ocrx_word' id='word_1_20' title='bbox 1043 627 1088 680; x_wconf 87' lang='lat' dir='ltr'><strong>sed</strong></span> <span class='ocrx_word' id='word_1_21' title='bbox 1107 643 1162 680; x_wconf 86' lang='lat' dir='ltr'><strong>eam</strong></span> <span class='ocrx_word' id='word_1_22' title='bbox 1179 627 1331 696; x_wconf 72' lang='lat' dir='ltr'><strong>perbrevem</strong></span> <span class='ocrx_word' id='word_1_23' title='bbox 1349 641 1380 679; x_wconf 87' lang='lat' dir='ltr'><strong>ae</strong></span> <span class='ocrx_word' id='word_1_24' title='bbox 1396 625 1497 680; x_wconf 85' lang='lat' dir='ltr'><strong>tolera·</strong></span> 
     </span>
     <span class='ocr_line' id='line_1_4' title="bbox 326 711 1497 783; baseline -0.002 -18"><span class='ocrx_word' id='word_1_25' title='bbox 326 713 455 776; x_wconf 92' lang='lat' dir='ltr'><strong>biliorem,</strong></span> <span class='ocrx_word' id='word_1_26' title='bbox 472 711 607 766; x_wconf 87' lang='lat' dir='ltr'><strong>adstrictas</strong></span> <span class='ocrx_word' id='word_1_27' title='bbox 624 713 713 765; x_wconf 83' lang='lat' dir='ltr'><strong>luisse.</strong></span> <span class='ocrx_word' id='word_1_28' title='bbox 744 711 796 765; x_wconf 89' lang='lat' dir='ltr'><strong>lam</strong></span> <span class='ocrx_word' id='word_1_29' title='bbox 814 727 894 783; x_wconf 87' lang='lat' dir='ltr'><strong>supra</strong></span> <span class='ocrx_word' id='word_1_30' title='bbox 905 711 1017 766; x_wconf 83' lang='lat' dir='ltr'><strong>vidimus</strong></span> <span class='ocrx_word' id='word_1_31' title='bbox 1029 727 1108 782; x_wconf 90' lang='lat' dir='ltr'><strong>qnam</strong></span> <span class='ocrx_word' id='word_1_32' title='bbox 1121 727 1212 764; x_wconf 81' lang='lat' dir='ltr'><strong>severa</strong></span> <span class='ocrx_word' id='word_1_33' title='bbox 1222 711 1326 764; x_wconf 88' lang='lat' dir='ltr'><strong>concilii</strong></span> <span class='ocrx_word' id='word_1_34' title='bbox 1338 711 1497 764; x_wconf 75' lang='lat' dir='ltr'><strong>Eliberitani</strong></span> 
     </span>
     <span class='ocr_line' id='line_1_5' title="bbox 325 797 1496 868; baseline -0.001 -18"><span class='ocrx_word' id='word_1_35' title='bbox 325 798 425 851; x_wconf 87' lang='lat' dir='ltr'><strong>sanctia</strong></span> <span class='ocrx_word' id='word_1_36' title='bbox 438 797 528 862; x_wconf 88' lang='lat' dir='ltr'><strong>inerit,</strong></span> <span class='ocrx_word' id='word_1_37' title='bbox 546 813 606 851; x_wconf 91' lang='lat' dir='ltr'><strong>curn</strong></span> <span class='ocrx_word' id='word_1_38' title='bbox 622 799 650 850; x_wconf 92' lang='lat' dir='ltr'><strong>in</strong></span> <span class='ocrx_word' id='word_1_39' title='bbox 668 797 798 868; x_wconf 81' lang='lat' dir='ltr'><strong>praesenti</strong></span> <span class='ocrx_word' id='word_1_40' title='bbox 815 797 948 868; x_wconf 81' lang='lat' dir='ltr'><strong>naufragii</strong></span> <span class='ocrx_word' id='word_1_41' title='bbox 960 798 1102 867; x_wconf 87' lang='lat' dir='ltr'><strong>mortisque</strong></span> <span class='ocrx_word' id='word_1_42' title='bbox 1114 797 1228 868; x_wconf 87' lang='lat' dir='ltr'><strong>periculo</strong></span> <span class='ocrx_word' id='word_1_43' title='bbox 1239 813 1256 850; x_wconf 85' lang='lat' dir='ltr'><strong>a</strong></span> <span class='ocrx_word' id='word_1_44' title='bbox 1267 811 1437 868; x_wconf 87' lang='lat' dir='ltr'><strong>quocumque</strong></span> <span class='ocrx_word' id='word_1_45' title='bbox 1449 797 1496 848; x_wconf 90' lang='lat' dir='ltr'><strong>ba·</strong></span> 
     </span>
     <span class='ocr_line' id='line_1_6' title="bbox 324 882 1498 953; baseline -0.001 -17"><span class='ocrx_word' id='word_1_46' title='bbox 324 885 415 953; x_wconf 84' lang='lat' dir='ltr'><strong>ptlrari</strong></span> <span class='ocrx_word' id='word_1_47' title='bbox 425 883 557 953; x_wconf 88' lang='lat' dir='ltr'><strong>permittit,</strong></span> <span class='ocrx_word' id='word_1_48' title='bbox 569 882 680 952; x_wconf 83' lang='lat' dir='ltr'><strong>digamis</strong></span> <span class='ocrx_word' id='word_1_49' title='bbox 690 883 817 936; x_wconf 86' lang='lat' dir='ltr'><strong>duntaxat</strong></span> <span class='ocrx_word' id='word_1_50' title='bbox 826 884 950 953; x_wconf 83' lang='lat' dir='ltr'><strong>exceptis.</strong></span> <span class='ocrx_word' id='word_1_51' title='bbox 969 883 1020 935; x_wconf 83' lang='lat' dir='ltr'><strong>Sed</strong></span> <span class='ocrx_word' id='word_1_52' title='bbox 1029 882 1197 938; x_wconf 86' lang='lat' dir='ltr'><strong>nihilomiuus</strong></span> <span class='ocrx_word' id='word_1_53' title='bbox 1210 883 1236 936; x_wconf 91' lang='lat' dir='ltr'><strong>iu</strong></span> <span class='ocrx_word' id='word_1_54' title='bbox 1245 883 1383 936; x_wconf 87' lang='lat' dir='ltr'><strong>ecclesiam</strong></span> <span class='ocrx_word' id='word_1_55' title='bbox 1394 882 1498 952; x_wconf 88' lang='lat' dir='ltr'><strong>recepti</strong></span> 
     </span>
     <span class='ocr_line' id='line_1_7' title="bbox 325 966 1498 1038; baseline -0.002 -16"><span class='ocrx_word' id='word_1_56' title='bbox 325 974 387 1022; x_wconf 91' lang='lat' dir='ltr'><strong>sunt</strong></span> <span class='ocrx_word' id='word_1_57' title='bbox 398 969 509 1038; x_wconf 88' lang='lat' dir='ltr'><strong>digami,</strong></span> <span class='ocrx_word' id='word_1_58' title='bbox 525 972 551 1020; x_wconf 88' lang='lat' dir='ltr'><strong>et</strong></span> <span class='ocrx_word' id='word_1_59' title='bbox 562 969 607 1038; x_wconf 89' lang='lat' dir='ltr'><strong>qui</strong></span> <span class='ocrx_word' id='word_1_60' title='bbox 619 985 679 1022; x_wconf 89' lang='lat' dir='ltr'><strong>cum</strong></span> <span class='ocrx_word' id='word_1_61' title='bbox 690 969 722 1022; x_wconf 90' lang='lat' dir='ltr'><strong>iis</strong></span> <span class='ocrx_word' id='word_1_62' title='bbox 735 969 925 1022; x_wconf 86' lang='lat' dir='ltr'><strong>communicare</strong></span> <span class='ocrx_word' id='word_1_63' title='bbox 938 968 1037 1022; x_wconf 75' lang='lat' dir='ltr'><strong>nollem</strong></span> <span class='ocrx_word' id='word_1_64' title='bbox 1048 984 1094 1038; x_wconf 88' lang='lat' dir='ltr'><strong>pro</strong></span> <span class='ocrx_word' id='word_1_65' title='bbox 1106 966 1242 1021; x_wconf 74' lang='lat' dir='ltr'><strong>haereticis</strong></span> <span class='ocrx_word' id='word_1_66' title='bbox 1253 966 1344 1024; x_wconf 89' lang='lat' dir='ltr'><strong>babiti.</strong></span> <span class='ocrx_word' id='word_1_67' title='bbox 1368 968 1439 1020; x_wconf 82' lang='lat' dir='ltr'><strong>ffinc</strong></span> <span class='ocrx_word' id='word_1_68' title='bbox 1451 966 1498 1020; x_wconf 82' lang='lat' dir='ltr'><strong>lli-</strong></span> 
     </span>
     <span class='ocr_line' id='line_1_8' title="bbox 325 1051 1499 1123; baseline -0.002 -17"><span class='ocrx_word' id='word_1_69' title='bbox 325 1069 435 1106; x_wconf 87' lang='lat' dir='ltr'><strong>caennm</strong></span> <span class='ocrx_word' id='word_1_70' title='bbox 447 1053 511 1108; x_wconf 82' lang='lat' dir='ltr'><strong>Gan.</strong></span> <span class='ocrx_word' id='word_1_71' title='bbox 522 1071 577 1107; x_wconf 82' lang='lat' dir='ltr'><strong>vm.</strong></span> <span class='ocrx_word' id='word_1_72' title='bbox 593 1069 652 1108; x_wconf 91' lang='lat' dir='ltr'><strong>cum</strong></span> <span class='ocrx_word' id='word_1_73' title='bbox 663 1053 816 1107; x_wconf 72' lang='lat' dir='ltr'><strong>Horatianis</strong></span> <span class='ocrx_word' id='word_1_74' title='bbox 833 1052 968 1106; x_wconf 80' lang='lat' dir='ltr'><strong>haereticis</strong></span> <span class='ocrx_word' id='word_1_75' title='bbox 986 1053 1155 1123; x_wconf 82' lang='lat' dir='ltr'><strong>professionis</strong></span> <span class='ocrx_word' id='word_1_76' title='bbox 1172 1053 1311 1106; x_wconf 81' lang='lat' dir='ltr'><strong>formulam</strong></span> <span class='ocrx_word' id='word_1_77' title='bbox 1327 1051 1499 1122; x_wconf 87' lang='lat' dir='ltr'><strong>praescribit,</strong></span> 
     </span>
     <span class='ocr_line' id='line_1_9' title="bbox 325 1135 1498 1210; baseline -0.003 -19"><span class='ocrx_word' id='word_1_78' title='bbox 325 1139 469 1191; x_wconf 88' lang='lat' dir='ltr'><strong>secundum</strong></span> <span class='ocrx_word' id='word_1_79' title='bbox 480 1156 560 1208; x_wconf 87' lang='lat' dir='ltr'><strong>quam</strong></span> <span class='ocrx_word' id='word_1_80' title='bbox 572 1145 690 1210; x_wconf 88' lang='lat' dir='ltr'><strong>receptus</strong></span> <span class='ocrx_word' id='word_1_81' title='bbox 701 1139 753 1192; x_wconf 91' lang='lat' dir='ltr'><strong>illis</strong></span> <span class='ocrx_word' id='word_1_82' title='bbox 765 1139 796 1192; x_wconf 84' lang='lat' dir='ltr'><strong>ad</strong></span> <span class='ocrx_word' id='word_1_83' title='bbox 809 1139 944 1192; x_wconf 88' lang='lat' dir='ltr'><strong>ecclesiam</strong></span> <span class='ocrx_word' id='word_1_84' title='bbox 956 1144 1051 1208; x_wconf 87' lang='lat' dir='ltr'><strong>pateat.</strong></span> <span class='ocrx_word' id='word_1_85' title='bbox 1074 1137 1127 1208; x_wconf 85' lang='lat' dir='ltr'><strong>llpb</strong></span> <span class='ocrx_word' id='word_1_86' title='bbox 1143 1135 1241 1190; x_wconf 80' lang='grc' dir='ltr'>πάντων</span> <span class='ocrx_word' id='word_1_87' title='bbox 1254 1137 1280 1190; x_wconf 76' lang='grc' dir='ltr'><strong>δὲ</strong></span> <span class='ocrx_word' id='word_1_88' title='bbox 1292 1141 1381 1206; x_wconf 81' lang='grc' dir='ltr'>τοῦτο,</span> <span class='ocrx_word' id='word_1_89' title='bbox 1398 1137 1498 1207; x_wconf 85' lang='lat' dir='ltr'><strong>inquit,</strong></span> 
     </span>
     <span class='ocr_line' id='line_1_10' title="bbox 326 1209 1499 1296; baseline -0.001 -22"><span class='ocrx_word' id='word_1_90' title='bbox 326 1221 485 1294; x_wconf 77' lang='grc' dir='ltr'>ὁμολογῆσαι</span> <span class='ocrx_word' id='word_1_91' title='bbox 497 1223 584 1285; x_wconf 70' lang='grc' dir='ltr'>αὐτοὺς</span> <span class='ocrx_word' id='word_1_92' title='bbox 596 1209 726 1295; x_wconf 72' lang='grc' dir='ltr'><strong>ἶγγράφως</strong></span> <span class='ocrx_word' id='word_1_93' title='bbox 743 1225 867 1296; x_wconf 77' lang='grc' dir='ltr'><strong>προςήκει,</strong></span> <span class='ocrx_word' id='word_1_94' title='bbox 884 1222 922 1275; x_wconf 75' lang='grc' dir='ltr'><strong>ὅτι</strong></span> <span class='ocrx_word' id='word_1_95' title='bbox 938 1223 1098 1290; x_wconf 64' lang='lat' dir='ltr'><strong>conticuerat</strong></span> <span class='ocrx_word' id='word_1_96' title='bbox 1113 1223 1153 1275; x_wconf 80' lang='lat' dir='ltr'><strong>aul</strong></span> <span class='ocrx_word' id='word_1_97' title='bbox 1171 1219 1364 1288; x_wconf 73' lang='grc' dir='ltr'>ἀκολουθήσουσι</span> <span class='ocrx_word' id='word_1_98' title='bbox 1379 1225 1435 1282; x_wconf 76' lang='grc' dir='ltr'>τοῖς</span> <span class='ocrx_word' id='word_1_99' title='bbox 1453 1225 1499 1288; x_wconf 80' lang='grc' dir='ltr'><strong>τῆς</strong></span> 
     </span>
     <span class='ocr_line' id='line_1_11' title="bbox 326 1307 1499 1379; baseline -0.002 -19"><span class='ocrx_word' id='word_1_100' title='bbox 326 1307 455 1375; x_wconf 63' lang='lat' dir='ltr'><strong>astatium</strong></span> <span class='ocrx_word' id='word_1_101' title='bbox 464 1308 505 1360; x_wconf 79' lang='lat' dir='ltr'><strong>nal</strong></span> <span class='ocrx_word' id='word_1_102' title='bbox 514 1307 676 1376; x_wconf 79' lang='grc' dir='ltr'>ἆποοτολικῆς</span> <span class='ocrx_word' id='word_1_103' title='bbox 686 1308 815 1376; x_wconf 74' lang='grc' dir='ltr'>ἐκκλησίας</span> <span class='ocrx_word' id='word_1_104' title='bbox 825 1310 941 1379; x_wconf 78' lang='grc' dir='ltr'>δόγμασι,</span> <span class='ocrx_word' id='word_1_105' title='bbox 953 1307 1062 1361; x_wconf 77' lang='grc' dir='ltr'><strong>τουτέστι</strong></span> <span class='ocrx_word' id='word_1_106' title='bbox 1071 1307 1111 1360; x_wconf 82' lang='lat' dir='ltr'><strong>aal</strong></span> <span class='ocrx_word' id='word_1_107' title='bbox 1121 1309 1232 1378; x_wconf 74' lang='grc' dir='ltr'><strong>διγάμοις</strong></span> <span class='ocrx_word' id='word_1_108' title='bbox 1242 1311 1373 1376; x_wconf 72' lang='grc' dir='ltr'>κοινωνεῖν,</span> <span class='ocrx_word' id='word_1_109' title='bbox 1387 1307 1430 1358; x_wconf 78' lang='lat' dir='ltr'><strong>aul</strong></span> <span class='ocrx_word' id='word_1_110' title='bbox 1443 1311 1499 1367; x_wconf 81' lang='grc' dir='ltr'>τοῖς</span> 
     </span>
     <span class='ocr_line' id='line_1_12' title="bbox 326 1391 1498 1465; baseline 0 -20"><span class='ocrx_word' id='word_1_111' title='bbox 326 1391 350 1445; x_wconf 76' lang='grc' dir='ltr'>ἐν</span> <span class='ocrx_word' id='word_1_112' title='bbox 362 1397 398 1464; x_wconf 80' lang='grc' dir='ltr'><strong>τῷ</strong></span> <span class='ocrx_word' id='word_1_113' title='bbox 412 1394 516 1465; x_wconf 81' lang='grc' dir='ltr'><strong>διωγμῷ</strong></span> <span class='ocrx_word' id='word_1_114' title='bbox 528 1396 762 1464; x_wconf 76' lang='grc' dir='ltr'>παραπεπτωκόοινι</span> <span class='ocrx_word' id='word_1_115' title='bbox 793 1396 860 1446; x_wconf 79' lang='lat' dir='ltr'><strong>Ante</strong></span> <span class='ocrx_word' id='word_1_116' title='bbox 871 1398 956 1446; x_wconf 87' lang='lat' dir='ltr'><strong>amnia</strong></span> <span class='ocrx_word' id='word_1_117' title='bbox 967 1397 1063 1463; x_wconf 84' lang='lat' dir='ltr'><strong>scripta</strong></span> <span class='ocrx_word' id='word_1_118' title='bbox 1071 1397 1189 1463; x_wconf 81' lang='lat' dir='ltr'><strong>profiteri</strong></span> <span class='ocrx_word' id='word_1_119' title='bbox 1199 1395 1257 1446; x_wconf 73' lang='lat' dir='ltr'><strong>itas</strong></span> <span class='ocrx_word' id='word_1_120' title='bbox 1267 1403 1372 1463; x_wconf 83' lang='lat' dir='ltr'><strong>oportet,</strong></span> <span class='ocrx_word' id='word_1_121' title='bbox 1389 1409 1498 1445; x_wconf 78' lang='lat' dir='ltr'><strong>comen·</strong></span> 
     </span>
     <span class='ocr_line' id='line_1_13' title="bbox 325 1479 1498 1550; baseline 0 -20"><span class='ocrx_word' id='word_1_122' title='bbox 325 1497 400 1530; x_wconf 85' lang='lat' dir='ltr'><strong>suros</strong></span> <span class='ocrx_word' id='word_1_123' title='bbox 414 1497 440 1531; x_wconf 85' lang='lat' dir='ltr'><strong>ae</strong></span> <span class='ocrx_word' id='word_1_124' title='bbox 458 1489 531 1549; x_wconf 83' lang='lat' dir='ltr'><strong>atpuc</strong></span> <span class='ocrx_word' id='word_1_125' title='bbox 548 1481 706 1550; x_wconf 76' lang='lat' dir='ltr'><strong>amplexuros</strong></span> <span class='ocrx_word' id='word_1_126' title='bbox 722 1479 865 1532; x_wconf 73' lang='lat' dir='ltr'><strong>catholicae</strong></span> <span class='ocrx_word' id='word_1_127' title='bbox 880 1490 904 1532; x_wconf 91' lang='lat' dir='ltr'><strong>et</strong></span> <span class='ocrx_word' id='word_1_128' title='bbox 920 1480 1075 1548; x_wconf 83' lang='lat' dir='ltr'><strong>apostalicae</strong></span> <span class='ocrx_word' id='word_1_129' title='bbox 1087 1481 1210 1531; x_wconf 80' lang='lat' dir='ltr'><strong>eccleciae</strong></span> <span class='ocrx_word' id='word_1_130' title='bbox 1222 1481 1355 1548; x_wconf 63' lang='lat' dir='ltr'><strong>dupmalm</strong></span> <span class='ocrx_word' id='word_1_131' title='bbox 1373 1479 1498 1530; x_wconf 70' lang='lat' dir='ltr'><strong>semim</strong></span> 
     </span>
     <span class='ocr_line' id='line_1_14' title="bbox 325 1563 1498 1634; baseline 0.002 -20"><span class='ocrx_word' id='word_1_132' title='bbox 325 1573 419 1615; x_wconf 80' lang='lat' dir='ltr'><strong>etcum</strong></span> <span class='ocrx_word' id='word_1_133' title='bbox 431 1567 542 1633; x_wconf 75' lang='lat' dir='ltr'><strong>digamis</strong></span> <span class='ocrx_word' id='word_1_134' title='bbox 554 1571 733 1618; x_wconf 76' lang='lat' dir='ltr'><strong>communicent</strong></span> <span class='ocrx_word' id='word_1_135' title='bbox 751 1569 842 1634; x_wconf 83' lang='lat' dir='ltr'><strong>iisque,</strong></span> <span class='ocrx_word' id='word_1_136' title='bbox 859 1569 903 1634; x_wconf 79' lang='lat' dir='ltr'><strong>qni</strong></span> <span class='ocrx_word' id='word_1_137' title='bbox 917 1569 945 1616; x_wconf 86' lang='lat' dir='ltr'><strong>in</strong></span> <span class='ocrx_word' id='word_1_138' title='bbox 957 1568 1131 1634; x_wconf 79' lang='lat' dir='ltr'><strong>persecutione</strong></span> <span class='ocrx_word' id='word_1_139' title='bbox 1143 1566 1213 1634; x_wconf 83' lang='lat' dir='ltr'><strong>lapsi</strong></span> <span class='ocrx_word' id='word_1_140' title='bbox 1222 1571 1286 1616; x_wconf 85' lang='lat' dir='ltr'><strong>sunt.</strong></span> <span class='ocrx_word' id='word_1_141' title='bbox 1318 1563 1371 1616; x_wconf 81' lang='lat' dir='ltr'><strong>Sed</strong></span> <span class='ocrx_word' id='word_1_142' title='bbox 1383 1563 1498 1633; x_wconf 86' lang='lat' dir='ltr'><strong>quinam</strong></span> 
     </span>
     <span class='ocr_line' id='line_1_15' title="bbox 326 1648 1498 1721; baseline -0.001 -19"><span class='ocrx_word' id='word_1_143' title='bbox 326 1648 425 1718; x_wconf 84' lang='lat' dir='ltr'><strong>digami</strong></span> <span class='ocrx_word' id='word_1_144' title='bbox 436 1649 474 1702; x_wconf 89' lang='lat' dir='ltr'><strong>illi</strong></span> <span class='ocrx_word' id='word_1_145' title='bbox 485 1649 581 1703; x_wconf 89' lang='lat' dir='ltr'><strong>inerint</strong></span> <span class='ocrx_word' id='word_1_146' title='bbox 592 1651 732 1721; x_wconf 89' lang='lat' dir='ltr'><strong>quaeritur.</strong></span> <span class='ocrx_word' id='word_1_147' title='bbox 762 1649 830 1702; x_wconf 87' lang='lat' dir='ltr'><strong>Nem</strong></span> <span class='ocrx_word' id='word_1_148' title='bbox 842 1651 1041 1704; x_wconf 86' lang='lat' dir='ltr'><strong>iurisconsultus</strong></span> <span class='ocrx_word' id='word_1_149' title='bbox 1059 1649 1178 1719; x_wconf 88' lang='lat' dir='ltr'><strong>quidam,</strong></span> <span class='ocrx_word' id='word_1_150' title='bbox 1195 1649 1240 1719; x_wconf 89' lang='lat' dir='ltr'><strong>qui</strong></span> <span class='ocrx_word' id='word_1_151' title='bbox 1256 1650 1283 1702; x_wconf 90' lang='lat' dir='ltr'><strong>iu</strong></span> <span class='ocrx_word' id='word_1_152' title='bbox 1301 1664 1436 1702; x_wconf 88' lang='lat' dir='ltr'><strong>canonum</strong></span> <span class='ocrx_word' id='word_1_153' title='bbox 1454 1665 1498 1701; x_wconf 87' lang='lat' dir='ltr'><strong>ee·</strong></span> 
     </span>
     <span class='ocr_line' id='line_1_16' title="bbox 326 1733 1498 1805; baseline -0.001 -18"><span class='ocrx_word' id='word_1_154' title='bbox 326 1735 421 1787; x_wconf 86' lang='lat' dir='ltr'><strong>clasiae</strong></span> <span class='ocrx_word' id='word_1_155' title='bbox 433 1735 549 1788; x_wconf 88' lang='lat' dir='ltr'><strong>codicem</strong></span> <span class='ocrx_word' id='word_1_156' title='bbox 560 1741 636 1788; x_wconf 88' lang='lat' dir='ltr'><strong>notas</strong></span> <span class='ocrx_word' id='word_1_157' title='bbox 648 1735 739 1800; x_wconf 81' lang='lat' dir='ltr'><strong>edidit,</strong></span> <span class='ocrx_word' id='word_1_158' title='bbox 755 1736 834 1804; x_wconf 80' lang='lat' dir='ltr'><strong>vulgo</strong></span> <span class='ocrx_word' id='word_1_159' title='bbox 851 1735 904 1788; x_wconf 88' lang='lat' dir='ltr'><strong>iere</strong></span> <span class='ocrx_word' id='word_1_160' title='bbox 919 1736 1039 1805; x_wconf 83' lang='lat' dir='ltr'><strong>ignotum</strong></span> <span class='ocrx_word' id='word_1_161' title='bbox 1051 1751 1110 1788; x_wconf 89' lang='lat' dir='ltr'><strong>esse</strong></span> <span class='ocrx_word' id='word_1_162' title='bbox 1122 1735 1191 1788; x_wconf 88' lang='lat' dir='ltr'><strong>dicit.</strong></span> <span class='ocrx_word' id='word_1_163' title='bbox 1219 1735 1278 1804; x_wconf 89' lang='lat' dir='ltr'><strong>lpse</strong></span> <span class='ocrx_word' id='word_1_164' title='bbox 1289 1741 1379 1787; x_wconf 89' lang='lat' dir='ltr'><strong>antem</strong></span> <span class='ocrx_word' id='word_1_165' title='bbox 1389 1740 1447 1787; x_wconf 81' lang='lat' dir='ltr'><strong>tres</strong></span> <span class='ocrx_word' id='word_1_166' title='bbox 1459 1733 1498 1785; x_wconf 93' lang='lat' dir='ltr'><strong>di·</strong></span> 
     </span>
     <span class='ocr_line' id='line_1_17' title="bbox 326 1819 1496 1892; baseline 0 -20"><span class='ocrx_word' id='word_1_167' title='bbox 326 1820 430 1888; x_wconf 79' lang='lat' dir='ltr'><strong>gumiae</strong></span> <span class='ocrx_word' id='word_1_168' title='bbox 446 1821 545 1890; x_wconf 86' lang='lat' dir='ltr'><strong>speeies</strong></span> <span class='ocrx_word' id='word_1_169' title='bbox 563 1821 685 1892; x_wconf 83' lang='lat' dir='ltr'><strong>explicat.</strong></span> <span class='ocrx_word' id='word_1_170' title='bbox 714 1819 801 1874; x_wconf 90' lang='lat' dir='ltr'><strong>Prima</strong></span> <span class='ocrx_word' id='word_1_171' title='bbox 813 1825 853 1872; x_wconf 88' lang='lat' dir='ltr'><strong>est</strong></span> <span class='ocrx_word' id='word_1_172' title='bbox 864 1837 924 1872; x_wconf 88' lang='lat' dir='ltr'><strong>curn</strong></span> <span class='ocrx_word' id='word_1_173' title='bbox 936 1821 1028 1874; x_wconf 90' lang='lat' dir='ltr'><strong>eodem</strong></span> <span class='ocrx_word' id='word_1_174' title='bbox 1039 1827 1154 1892; x_wconf 86' lang='lat' dir='ltr'><strong>tempore</strong></span> <span class='ocrx_word' id='word_1_175' title='bbox 1165 1820 1240 1873; x_wconf 87' lang='lat' dir='ltr'><strong>binas</strong></span> <span class='ocrx_word' id='word_1_176' title='bbox 1252 1836 1348 1873; x_wconf 80' lang='lat' dir='ltr'><strong>uorsa</strong></span> <span class='ocrx_word' id='word_1_177' title='bbox 1359 1820 1496 1890; x_wconf 83' lang='lat' dir='ltr'><strong>quispiam</strong></span> 
     </span>
     <span class='ocr_line' id='line_1_18' title="bbox 325 1904 1498 1976; baseline 0 -19"><span class='ocrx_word' id='word_1_178' title='bbox 325 1904 415 1970; x_wconf 90' lang='lat' dir='ltr'><strong>babet,</strong></span> <span class='ocrx_word' id='word_1_179' title='bbox 433 1904 503 1974; x_wconf 89' lang='lat' dir='ltr'><strong>quad</strong></span> <span class='ocrx_word' id='word_1_180' title='bbox 520 1907 582 1960; x_wconf 89' lang='lat' dir='ltr'><strong>olim</strong></span> <span class='ocrx_word' id='word_1_181' title='bbox 599 1904 701 1959; x_wconf 90' lang='lat' dir='ltr'><strong>Iudaeis</strong></span> <span class='ocrx_word' id='word_1_182' title='bbox 718 1906 830 1970; x_wconf 90' lang='lat' dir='ltr'><strong>licitum,</strong></span> <span class='ocrx_word' id='word_1_183' title='bbox 847 1905 971 1958; x_wconf 87' lang='lat' dir='ltr'><strong>Romanis</strong></span> <span class='ocrx_word' id='word_1_184' title='bbox 983 1907 1085 1976; x_wconf 84' lang='lat' dir='ltr'><strong>legibus</strong></span> <span class='ocrx_word' id='word_1_185' title='bbox 1096 1904 1254 1976; x_wconf 89' lang='lat' dir='ltr'><strong>prohibitum</strong></span> <span class='ocrx_word' id='word_1_186' title='bbox 1265 1905 1322 1958; x_wconf 79' lang='lat' dir='ltr'><strong>luit</strong></span> <span class='ocrx_word' id='word_1_187' title='bbox 1351 1905 1445 1958; x_wconf 79' lang='lat' dir='ltr'><strong>Altera</strong></span> <span class='ocrx_word' id='word_1_188' title='bbox 1457 1911 1498 1958; x_wconf 88' lang='lat' dir='ltr'><strong>est</strong></span> 
     </span>
     <span class='ocr_line' id='line_1_19' title="bbox 326 1989 1496 2062; baseline 0 -20"><span class='ocrx_word' id='word_1_189' title='bbox 326 2005 385 2042; x_wconf 92' lang='lat' dir='ltr'><strong>cnm</strong></span> <span class='ocrx_word' id='word_1_190' title='bbox 403 1991 461 2060; x_wconf 91' lang='lat' dir='ltr'><strong>quis</strong></span> <span class='ocrx_word' id='word_1_191' title='bbox 478 1997 560 2044; x_wconf 86' lang='lat' dir='ltr'><strong>marte</strong></span> <span class='ocrx_word' id='word_1_192' title='bbox 578 1992 670 2062; x_wconf 89' lang='lat' dir='ltr'><strong>prioris</strong></span> <span class='ocrx_word' id='word_1_193' title='bbox 689 1989 808 2060; x_wconf 84' lang='lat' dir='ltr'><strong>eon-iugis</strong></span> <span class='ocrx_word' id='word_1_194' title='bbox 823 1991 908 2045; x_wconf 88' lang='lat' dir='ltr'><strong>soluto</strong></span> <span class='ocrx_word' id='word_1_195' title='bbox 920 1991 1085 2044; x_wconf 90' lang='lat' dir='ltr'><strong>matrimonia</strong></span> <span class='ocrx_word' id='word_1_196' title='bbox 1098 1991 1224 2044; x_wconf 87' lang='lat' dir='ltr'><strong>secundas</strong></span> <span class='ocrx_word' id='word_1_197' title='bbox 1235 1990 1339 2060; x_wconf 88' lang='lat' dir='ltr'><strong>nuptias</strong></span> <span class='ocrx_word' id='word_1_198' title='bbox 1351 1989 1496 2043; x_wconf 83' lang='lat' dir='ltr'><strong>contrabit</strong></span> 
     </span>
     <span class='ocr_line' id='line_1_20' title="bbox 326 2075 1497 2148; baseline -0.001 -20"><span class='ocrx_word' id='word_1_199' title='bbox 326 2075 425 2141; x_wconf 80' lang='lat' dir='ltr'><strong>Tertia,</strong></span> <span class='ocrx_word' id='word_1_200' title='bbox 443 2092 521 2146; x_wconf 87' lang='lat' dir='ltr'><strong>quam</strong></span> <span class='ocrx_word' id='word_1_201' title='bbox 532 2078 612 2147; x_wconf 81' lang='lat' dir='ltr'><strong>vulgo</strong></span> <span class='ocrx_word' id='word_1_202' title='bbox 629 2077 746 2148; x_wconf 83' lang='lat' dir='ltr'><strong>ignotam</strong></span> <span class='ocrx_word' id='word_1_203' title='bbox 763 2091 820 2130; x_wconf 86' lang='lat' dir='ltr'><strong>esse</strong></span> <span class='ocrx_word' id='word_1_204' title='bbox 832 2076 935 2140; x_wconf 88' lang='lat' dir='ltr'><strong>statuit,</strong></span> <span class='ocrx_word' id='word_1_205' title='bbox 953 2082 993 2129; x_wconf 88' lang='lat' dir='ltr'><strong>est</strong></span> <span class='ocrx_word' id='word_1_206' title='bbox 1010 2093 1070 2129; x_wconf 92' lang='lat' dir='ltr'><strong>cum</strong></span> <span class='ocrx_word' id='word_1_207' title='bbox 1088 2081 1162 2129; x_wconf 86' lang='lat' dir='ltr'><strong>extra</strong></span> <span class='ocrx_word' id='word_1_208' title='bbox 1178 2091 1297 2130; x_wconf 87' lang='lat' dir='ltr'><strong>caussam</strong></span> <span class='ocrx_word' id='word_1_209' title='bbox 1314 2075 1439 2128; x_wconf 82' lang='lat' dir='ltr'><strong>adulterii</strong></span> <span class='ocrx_word' id='word_1_210' title='bbox 1456 2091 1497 2128; x_wconf 88' lang='lat' dir='ltr'><strong>re-</strong></span> 
     </span>
     <span class='ocr_line' id='line_1_21' title="bbox 325 2160 1498 2232; baseline 0 -18"><span class='ocrx_word' id='word_1_211' title='bbox 325 2161 432 2232; x_wconf 87' lang='lat' dir='ltr'><strong>pudiata</strong></span> <span class='ocrx_word' id='word_1_212' title='bbox 443 2163 553 2232; x_wconf 88' lang='lat' dir='ltr'><strong>coniuge</strong></span> <span class='ocrx_word' id='word_1_213' title='bbox 569 2163 652 2215; x_wconf 89' lang='lat' dir='ltr'><strong>altera</strong></span> <span class='ocrx_word' id='word_1_214' title='bbox 667 2161 883 2232; x_wconf 77' lang='lat' dir='ltr'><strong>superinducitur.</strong></span> <span class='ocrx_word' id='word_1_215' title='bbox 913 2160 979 2214; x_wconf 82' lang='lat' dir='ltr'><strong>Cum</strong></span> <span class='ocrx_word' id='word_1_216' title='bbox 996 2163 1066 2216; x_wconf 86' lang='lat' dir='ltr'><strong>euim</strong></span> <span class='ocrx_word' id='word_1_217' title='bbox 1077 2164 1163 2215; x_wconf 77' lang='lat' dir='ltr'><strong>nanae</strong></span> <span class='ocrx_word' id='word_1_218' title='bbox 1181 2161 1283 2215; x_wconf 75' lang='lat' dir='ltr'><strong>divorffi</strong></span> <span class='ocrx_word' id='word_1_219' title='bbox 1299 2176 1411 2214; x_wconf 88' lang='lat' dir='ltr'><strong>caussae</strong></span> <span class='ocrx_word' id='word_1_220' title='bbox 1429 2161 1498 2214; x_wconf 85' lang='lat' dir='ltr'><strong>eitra</strong></span> 
     </span>
     <span class='ocr_line' id='line_1_22' title="bbox 326 2246 1497 2318; baseline 0 -18"><span class='ocrx_word' id='word_1_221' title='bbox 326 2247 480 2301; x_wconf 72' lang='lat' dir='ltr'><strong>adulterium</strong></span> <span class='ocrx_word' id='word_1_222' title='bbox 491 2247 589 2301; x_wconf 82' lang='lat' dir='ltr'><strong>saeculi</strong></span> <span class='ocrx_word' id='word_1_223' title='bbox 600 2248 702 2318; x_wconf 89' lang='lat' dir='ltr'><strong>legibus</strong></span> <span class='ocrx_word' id='word_1_224' title='bbox 715 2248 777 2300; x_wconf 90' lang='lat' dir='ltr'><strong>olim</strong></span> <span class='ocrx_word' id='word_1_225' title='bbox 788 2252 906 2317; x_wconf 85' lang='lat' dir='ltr'><strong>receptae</strong></span> <span class='ocrx_word' id='word_1_226' title='bbox 918 2247 1025 2312; x_wconf 72' lang='lat' dir='ltr'><strong>ineunt,</strong></span> <span class='ocrx_word' id='word_1_227' title='bbox 1037 2263 1170 2317; x_wconf 88' lang='lat' dir='ltr'><strong>nunquam</strong></span> <span class='ocrx_word' id='word_1_228' title='bbox 1183 2247 1293 2300; x_wconf 85' lang='lat' dir='ltr'><strong>ecclesia</strong></span> <span class='ocrx_word' id='word_1_229' title='bbox 1304 2247 1363 2300; x_wconf 88' lang='lat' dir='ltr'><strong>illas</strong></span> <span class='ocrx_word' id='word_1_230' title='bbox 1376 2246 1497 2300; x_wconf 77' lang='lat' dir='ltr'><strong>admisit</strong></span> 
     </span>
     <span class='ocr_line' id='line_1_23' title="bbox 326 2331 1498 2402; baseline -0.002 -17"><span class='ocrx_word' id='word_1_231' title='bbox 326 2332 453 2396; x_wconf 81' lang='lat' dir='ltr'><strong>Quocirca</strong></span> <span class='ocrx_word' id='word_1_232' title='bbox 469 2333 514 2402; x_wconf 90' lang='lat' dir='ltr'><strong>qni</strong></span> <span class='ocrx_word' id='word_1_233' title='bbox 531 2333 589 2386; x_wconf 88' lang='lat' dir='ltr'><strong>aliis</strong></span> <span class='ocrx_word' id='word_1_234' title='bbox 607 2333 638 2386; x_wconf 92' lang='lat' dir='ltr'><strong>de</strong></span> <span class='ocrx_word' id='word_1_235' title='bbox 655 2333 753 2386; x_wconf 86' lang='lat' dir='ltr'><strong>caussis</strong></span> <span class='ocrx_word' id='word_1_236' title='bbox 771 2348 851 2402; x_wconf 91' lang='lat' dir='ltr'><strong>qnam</strong></span> <span class='ocrx_word' id='word_1_237' title='bbox 867 2337 972 2402; x_wconf 88' lang='lat' dir='ltr'><strong>propter</strong></span> <span class='ocrx_word' id='word_1_238' title='bbox 987 2331 1142 2386; x_wconf 76' lang='lat' dir='ltr'><strong>adulterium</strong></span> <span class='ocrx_word' id='word_1_239' title='bbox 1153 2348 1234 2386; x_wconf 79' lang='lat' dir='ltr'><strong>uxore</strong></span> <span class='ocrx_word' id='word_1_240' title='bbox 1246 2332 1355 2386; x_wconf 89' lang='lat' dir='ltr'><strong>dimissa</strong></span> <span class='ocrx_word' id='word_1_241' title='bbox 1366 2347 1429 2386; x_wconf 85' lang='lat' dir='ltr'><strong>curn</strong></span> <span class='ocrx_word' id='word_1_242' title='bbox 1442 2332 1498 2384; x_wconf 89' lang='lat' dir='ltr'><strong>alia</strong></span> 
     </span>
     <span class='ocr_line' id='line_1_24' title="bbox 326 2417 1498 2488; baseline 0 -18"><span class='ocrx_word' id='word_1_243' title='bbox 326 2419 479 2487; x_wconf 88' lang='lat' dir='ltr'><strong>coniugium</strong></span> <span class='ocrx_word' id='word_1_244' title='bbox 495 2419 617 2483; x_wconf 76' lang='lat' dir='ltr'><strong>sociaret,</strong></span> <span class='ocrx_word' id='word_1_245' title='bbox 634 2418 689 2482; x_wconf 89' lang='lat' dir='ltr'><strong>hic,</strong></span> <span class='ocrx_word' id='word_1_246' title='bbox 707 2419 745 2471; x_wconf 89' lang='lat' dir='ltr'><strong>ait</strong></span> <span class='ocrx_word' id='word_1_247' title='bbox 763 2417 961 2472; x_wconf 85' lang='lat' dir='ltr'><strong>iurisconsultus</strong></span> <span class='ocrx_word' id='word_1_248' title='bbox 977 2418 1034 2483; x_wconf 89' lang='lat' dir='ltr'><strong>ille,</strong></span> <span class='ocrx_word' id='word_1_249' title='bbox 1052 2417 1173 2488; x_wconf 84' lang='lat' dir='ltr'><strong>digamus</strong></span> <span class='ocrx_word' id='word_1_250' title='bbox 1190 2418 1344 2471; x_wconf 84' lang='lat' dir='ltr'><strong>censebatur</strong></span> <span class='ocrx_word' id='word_1_251' title='bbox 1360 2417 1442 2487; x_wconf 88' lang='lat' dir='ltr'><strong>eique</strong></span> <span class='ocrx_word' id='word_1_252' title='bbox 1454 2431 1498 2470; x_wconf 90' lang='lat' dir='ltr'><strong>ca·</strong></span> 
     </span>
     <span class='ocr_line' id='line_1_25' title="bbox 326 2501 1496 2573; baseline -0.001 -17"><span class='ocrx_word' id='word_1_253' title='bbox 326 2503 421 2556; x_wconf 86' lang='lat' dir='ltr'><strong>nonies</strong></span> <span class='ocrx_word' id='word_1_254' title='bbox 436 2504 482 2555; x_wconf 90' lang='lat' dir='ltr'><strong>illa</strong></span> <span class='ocrx_word' id='word_1_255' title='bbox 498 2504 609 2568; x_wconf 89' lang='lat' dir='ltr'><strong>mulcta,</strong></span> <span class='ocrx_word' id='word_1_256' title='bbox 627 2503 700 2556; x_wconf 88' lang='lat' dir='ltr'><strong>cuiue</strong></span> <span class='ocrx_word' id='word_1_257' title='bbox 718 2501 871 2558; x_wconf 88' lang='lat' dir='ltr'><strong>Neocaesar.</strong></span> <span class='ocrx_word' id='word_1_258' title='bbox 885 2508 911 2557; x_wconf 91' lang='lat' dir='ltr'><strong>et</strong></span> <span class='ocrx_word' id='word_1_259' title='bbox 926 2503 1031 2558; x_wconf 87' lang='lat' dir='ltr'><strong>Laudic.</strong></span> <span class='ocrx_word' id='word_1_260' title='bbox 1044 2504 1231 2566; x_wconf 87' lang='lat' dir='ltr'><strong>meminerunt,</strong></span> <span class='ocrx_word' id='word_1_261' title='bbox 1247 2503 1424 2573; x_wconf 76' lang='lat' dir='ltr'><strong>irrogabatur.</strong></span> <span class='ocrx_word' id='word_1_262' title='bbox 1454 2501 1496 2555; x_wconf 81' lang='lat' dir='ltr'><strong>lix</strong></span> 
     </span>
     <span class='ocr_line' id='line_1_26' title="bbox 326 2588 1497 2659; baseline 0.002 -19"><span class='ocrx_word' id='word_1_263' title='bbox 326 2589 505 2657; x_wconf 87' lang='lat' dir='ltr'><strong>quaeratione</strong></span> <span class='ocrx_word' id='word_1_264' title='bbox 523 2589 639 2658; x_wconf 87' lang='lat' dir='ltr'><strong>sequitur</strong></span> <span class='ocrx_word' id='word_1_265' title='bbox 656 2589 776 2658; x_wconf 84' lang='lat' dir='ltr'><strong>digamos</strong></span> <span class='ocrx_word' id='word_1_266' title='bbox 793 2589 865 2652; x_wconf 90' lang='lat' dir='ltr'><strong>illos,</strong></span> <span class='ocrx_word' id='word_1_267' title='bbox 884 2589 928 2658; x_wconf 86' lang='lat' dir='ltr'><strong>qni</strong></span> <span class='ocrx_word' id='word_1_268' title='bbox 944 2595 1048 2642; x_wconf 86' lang='lat' dir='ltr'><strong>mortua</strong></span> <span class='ocrx_word' id='word_1_269' title='bbox 1064 2589 1175 2659; x_wconf 88' lang='lat' dir='ltr'><strong>coniuge</strong></span> <span class='ocrx_word' id='word_1_270' title='bbox 1192 2588 1267 2642; x_wconf 88' lang='lat' dir='ltr'><strong>alteri</strong></span> <span class='ocrx_word' id='word_1_271' title='bbox 1283 2605 1312 2642; x_wconf 90' lang='lat' dir='ltr'><strong>se</strong></span> <span class='ocrx_word' id='word_1_272' title='bbox 1330 2589 1497 2659; x_wconf 87' lang='lat' dir='ltr'><strong>copularent,</strong></span> 
     </span>
     <span class='ocr_line' id='line_1_27' title="bbox 325 2672 1496 2744; baseline 0 -18"><span class='ocrx_word' id='word_1_273' title='bbox 325 2673 438 2726; x_wconf 86' lang='lat' dir='ltr'><strong>mulctae</strong></span> <span class='ocrx_word' id='word_1_274' title='bbox 445 2672 523 2726; x_wconf 86' lang='lat' dir='ltr'><strong>buius</strong></span> <span class='ocrx_word' id='word_1_275' title='bbox 532 2679 652 2744; x_wconf 85' lang='lat' dir='ltr'><strong>expertes</strong></span> <span class='ocrx_word' id='word_1_276' title='bbox 661 2673 750 2728; x_wconf 88' lang='lat' dir='ltr'><strong>fuisse.</strong></span> <span class='ocrx_word' id='word_1_277' title='bbox 769 2673 820 2727; x_wconf 82' lang='lat' dir='ltr'><strong>Sed</strong></span> <span class='ocrx_word' id='word_1_278' title='bbox 829 2673 892 2727; x_wconf 87' lang='lat' dir='ltr'><strong>baec</strong></span> <span class='ocrx_word' id='word_1_279' title='bbox 902 2673 1032 2744; x_wconf 84' lang='lat' dir='ltr'><strong>digamiae</strong></span> <span class='ocrx_word' id='word_1_280' title='bbox 1041 2689 1138 2744; x_wconf 83' lang='lat' dir='ltr'><strong>genera</strong></span> <span class='ocrx_word' id='word_1_281' title='bbox 1149 2675 1198 2727; x_wconf 88' lang='lat' dir='ltr'><strong>tria</strong></span> <span class='ocrx_word' id='word_1_282' title='bbox 1210 2690 1294 2744; x_wconf 88' lang='lat' dir='ltr'><strong>neque</strong></span> <span class='ocrx_word' id='word_1_283' title='bbox 1305 2674 1400 2744; x_wconf 87' lang='lat' dir='ltr'><strong>ignata</strong></span> <span class='ocrx_word' id='word_1_284' title='bbox 1410 2674 1496 2742; x_wconf 75' lang='lat' dir='ltr'><strong>uulgo</strong></span> 
     </span>
     <span class='ocr_line' id='line_1_28' title="bbox 326 2759 1496 2831; baseline 0 -19"><span class='ocrx_word' id='word_1_285' title='bbox 326 2763 412 2823; x_wconf 88' lang='lat' dir='ltr'><strong>arant,</strong></span> <span class='ocrx_word' id='word_1_286' title='bbox 428 2775 512 2828; x_wconf 91' lang='lat' dir='ltr'><strong>neque</strong></span> <span class='ocrx_word' id='word_1_287' title='bbox 528 2759 560 2811; x_wconf 87' lang='lat' dir='ltr'><strong>ad</strong></span> <span class='ocrx_word' id='word_1_288' title='bbox 575 2775 631 2812; x_wconf 91' lang='lat' dir='ltr'><strong>rem</strong></span> <span class='ocrx_word' id='word_1_289' title='bbox 642 2760 783 2830; x_wconf 89' lang='lat' dir='ltr'><strong>pertinent,</strong></span> <span class='ocrx_word' id='word_1_290' title='bbox 799 2765 952 2829; x_wconf 85' lang='lat' dir='ltr'><strong>constatque</strong></span> <span class='ocrx_word' id='word_1_291' title='bbox 964 2760 996 2812; x_wconf 89' lang='lat' dir='ltr'><strong>sd</strong></span> <span class='ocrx_word' id='word_1_292' title='bbox 1007 2765 1152 2831; x_wconf 87' lang='lat' dir='ltr'><strong>postremos</strong></span> <span class='ocrx_word' id='word_1_293' title='bbox 1163 2761 1222 2814; x_wconf 88' lang='lat' dir='ltr'><strong>illos</strong></span> <span class='ocrx_word' id='word_1_294' title='bbox 1235 2760 1354 2830; x_wconf 86' lang='lat' dir='ltr'><strong>digamos</strong></span> <span class='ocrx_word' id='word_1_295' title='bbox 1364 2765 1421 2813; x_wconf 86' lang='lat' dir='ltr'><strong>tres</strong></span> <span class='ocrx_word' id='word_1_296' title='bbox 1432 2760 1496 2812; x_wconf 90' lang='lat' dir='ltr'><strong>illos</strong></span> 
     </span>
     <span class='ocr_line' id='line_1_29' title="bbox 325 2843 1497 2916; baseline 0.001 -19"><span class='ocrx_word' id='word_1_297' title='bbox 325 2843 432 2898; x_wconf 88' lang='lat' dir='ltr'><strong>totidem</strong></span> <span class='ocrx_word' id='word_1_298' title='bbox 449 2844 618 2898; x_wconf 87' lang='lat' dir='ltr'><strong>conciliorum</strong></span> <span class='ocrx_word' id='word_1_299' title='bbox 635 2845 728 2898; x_wconf 87' lang='lat' dir='ltr'><strong>citatos</strong></span> <span class='ocrx_word' id='word_1_300' title='bbox 745 2860 857 2898; x_wconf 82' lang='lat' dir='ltr'><strong>canorme</strong></span> <span class='ocrx_word' id='word_1_301' title='bbox 875 2845 1010 2915; x_wconf 91' lang='lat' dir='ltr'><strong>pertinere.</strong></span> <span class='ocrx_word' id='word_1_302' title='bbox 1039 2843 1106 2898; x_wconf 86' lang='lat' dir='ltr'><strong>Nam</strong></span> <span class='ocrx_word' id='word_1_303' title='bbox 1117 2845 1291 2899; x_wconf 88' lang='lat' dir='ltr'><strong>Laodicenum</strong></span> <span class='ocrx_word' id='word_1_304' title='bbox 1303 2845 1427 2916; x_wconf 88' lang='lat' dir='ltr'><strong>digamos</strong></span> <span class='ocrx_word' id='word_1_305' title='bbox 1439 2861 1497 2909; x_wconf 81' lang='lat' dir='ltr'><strong>eos,</strong></span> 
     </span>
     <span class='ocr_line' id='line_1_30' title="bbox 325 2927 1496 3002; baseline 0.002 -21"><span class='ocrx_word' id='word_1_306' title='bbox 325 2929 358 2981; x_wconf 92' lang='lat' dir='ltr'><strong>de</strong></span> <span class='ocrx_word' id='word_1_307' title='bbox 375 2930 469 2999; x_wconf 86' lang='lat' dir='ltr'><strong>quibua</strong></span> <span class='ocrx_word' id='word_1_308' title='bbox 487 2931 611 3000; x_wconf 85' lang='lat' dir='ltr'><strong>loquitur,</strong></span> <span class='ocrx_word' id='word_1_309' title='bbox 628 2931 742 3001; x_wconf 86' lang='lat' dir='ltr'><strong>appellat</strong></span> <span class='ocrx_word' id='word_1_310' title='bbox 758 2927 888 3000; x_wconf 74' lang='grc' dir='ltr'>ἐλευθέρως</span> <span class='ocrx_word' id='word_1_311' title='bbox 903 2929 944 2982; x_wconf 80' lang='lat' dir='ltr'><strong>nal</strong></span> <span class='ocrx_word' id='word_1_312' title='bbox 960 2929 1069 3002; x_wconf 79' lang='grc' dir='ltr'>νομίμως</span> <span class='ocrx_word' id='word_1_313' title='bbox 1087 2929 1248 3000; x_wconf 74' lang='grc' dir='ltr'>συναφθέντος</span> <span class='ocrx_word' id='word_1_314' title='bbox 1261 2931 1380 3000; x_wconf 75' lang='grc' dir='ltr'>δευτέροις</span> <span class='ocrx_word' id='word_1_315' title='bbox 1392 2928 1496 3001; x_wconf 69' lang='grc' dir='ltr'><strong>γάμοις,</strong></span> 
     </span>
     <span class='ocr_line' id='line_1_31' title="bbox 326 3014 1497 3086; baseline 0 -20"><span class='ocrx_word' id='word_1_316' title='bbox 326 3017 435 3082; x_wconf 73' lang='lat' dir='ltr'><strong>legitime</strong></span> <span class='ocrx_word' id='word_1_317' title='bbox 447 3031 480 3067; x_wconf 91' lang='lat' dir='ltr'><strong>ac</strong></span> <span class='ocrx_word' id='word_1_318' title='bbox 492 3017 569 3068; x_wconf 80' lang='lat' dir='ltr'><strong>libere</strong></span> <span class='ocrx_word' id='word_1_319' title='bbox 580 3019 697 3068; x_wconf 78' lang='lat' dir='ltr'><strong>accendis</strong></span> <span class='ocrx_word' id='word_1_320' title='bbox 709 3019 803 3085; x_wconf 85' lang='lat' dir='ltr'><strong>nuptiis</strong></span> <span class='ocrx_word' id='word_1_321' title='bbox 814 3017 939 3084; x_wconf 75' lang='lat' dir='ltr'><strong>liliputer,</strong></span> <span class='ocrx_word' id='word_1_322' title='bbox 956 3014 1004 3069; x_wconf 88' lang='lat' dir='ltr'><strong>hoc</strong></span> <span class='ocrx_word' id='word_1_323' title='bbox 1020 3021 1072 3080; x_wconf 83' lang='lat' dir='ltr'><strong>cet,</strong></span> <span class='ocrx_word' id='word_1_324' title='bbox 1089 3017 1134 3086; x_wconf 88' lang='lat' dir='ltr'><strong>qui</strong></span> <span class='ocrx_word' id='word_1_325' title='bbox 1150 3017 1255 3070; x_wconf 82' lang='lat' dir='ltr'><strong>licentia</strong></span> <span class='ocrx_word' id='word_1_326' title='bbox 1266 3022 1293 3070; x_wconf 86' lang='lat' dir='ltr'><strong>et</strong></span> <span class='ocrx_word' id='word_1_327' title='bbox 1302 3015 1430 3070; x_wconf 76' lang='lat' dir='ltr'><strong>facultate</strong></span> <span class='ocrx_word' id='word_1_328' title='bbox 1442 3015 1497 3068; x_wconf 83' lang='lat' dir='ltr'><strong>sibi</strong></span> 
     </span>
     <span class='ocr_line' id='line_1_32' title="bbox 326 3098 1496 3172; baseline 0.003 -21"><span class='ocrx_word' id='word_1_329' title='bbox 326 3115 343 3152; x_wconf 92' lang='lat' dir='ltr'><strong>a</strong></span> <span class='ocrx_word' id='word_1_330' title='bbox 353 3098 455 3152; x_wconf 80' lang='lat' dir='ltr'><strong>Obristo</strong></span> <span class='ocrx_word' id='word_1_331' title='bbox 467 3106 494 3154; x_wconf 89' lang='lat' dir='ltr'><strong>et</strong></span> <span class='ocrx_word' id='word_1_332' title='bbox 504 3102 614 3154; x_wconf 85' lang='lat' dir='ltr'><strong>ecclesia</strong></span> <span class='ocrx_word' id='word_1_333' title='bbox 625 3115 749 3155; x_wconf 87' lang='lat' dir='ltr'><strong>concessa</strong></span> <span class='ocrx_word' id='word_1_334' title='bbox 760 3101 802 3154; x_wconf 89' lang='lat' dir='ltr'><strong>usi</strong></span> <span class='ocrx_word' id='word_1_335' title='bbox 812 3099 899 3154; x_wconf 87' lang='lat' dir='ltr'><strong>iurent</strong></span> <span class='ocrx_word' id='word_1_336' title='bbox 914 3100 1009 3171; x_wconf 88' lang='lat' dir='ltr'><strong>quique</strong></span> <span class='ocrx_word' id='word_1_337' title='bbox 1021 3101 1047 3153; x_wconf 94' lang='lat' dir='ltr'><strong>id</strong></span> <span class='ocrx_word' id='word_1_338' title='bbox 1058 3100 1175 3172; x_wconf 82' lang='lat' dir='ltr'><strong>legitime</strong></span> <span class='ocrx_word' id='word_1_339' title='bbox 1186 3102 1316 3156; x_wconf 69' lang='lat' dir='ltr'><strong>iecmserm</strong></span> <span class='ocrx_word' id='word_1_340' title='bbox 1348 3101 1380 3156; x_wconf 91' lang='lat' dir='ltr'><strong>ln</strong></span> <span class='ocrx_word' id='word_1_341' title='bbox 1392 3119 1448 3172; x_wconf 88' lang='lat' dir='ltr'><strong>quo</strong></span> <span class='ocrx_word' id='word_1_342' title='bbox 1460 3102 1496 3154; x_wconf 86' lang='lat' dir='ltr'><strong>ri-</strong></span> 
     </span>
     <span class='ocr_line' id='line_1_33' title="bbox 326 3185 1495 3256; baseline 0.001 -18"><span class='ocrx_word' id='word_1_343' title='bbox 326 3185 412 3238; x_wconf 85' lang='lat' dir='ltr'><strong>dicula</strong></span> <span class='ocrx_word' id='word_1_344' title='bbox 423 3193 463 3239; x_wconf 87' lang='lat' dir='ltr'><strong>est</strong></span> <span class='ocrx_word' id='word_1_345' title='bbox 473 3186 649 3240; x_wconf 91' lang='lat' dir='ltr'><strong>iurisconsulti</strong></span> <span class='ocrx_word' id='word_1_346' title='bbox 661 3187 802 3256; x_wconf 86' lang='lat' dir='ltr'><strong>expositio,</strong></span> <span class='ocrx_word' id='word_1_347' title='bbox 818 3185 927 3255; x_wconf 78' lang='grc' dir='ltr'>νομίμως</span> <span class='ocrx_word' id='word_1_348' title='bbox 943 3185 1012 3239; x_wconf 89' lang='lat' dir='ltr'><strong>idem</strong></span> <span class='ocrx_word' id='word_1_349' title='bbox 1027 3202 1085 3240; x_wconf 85' lang='lat' dir='ltr'><strong>esee</strong></span> <span class='ocrx_word' id='word_1_350' title='bbox 1100 3190 1274 3240; x_wconf 81' lang='lat' dir='ltr'><strong>sesecundum</strong></span> <span class='ocrx_word' id='word_1_351' title='bbox 1287 3189 1350 3256; x_wconf 75' lang='lat' dir='ltr'><strong>lepis</strong></span> <span class='ocrx_word' id='word_1_352' title='bbox 1361 3188 1495 3240; x_wconf 74' lang='lat' dir='ltr'><strong>hnmanae</strong></span> 
     </span>
     <span class='ocr_line' id='line_1_34' title="bbox 327 3271 1494 3342; baseline 0.004 -21"><span class='ocrx_word' id='word_1_353' title='bbox 327 3273 465 3325; x_wconf 84' lang='lat' dir='ltr'><strong>licentiam.</strong></span> <span class='ocrx_word' id='word_1_354' title='bbox 487 3271 577 3342; x_wconf 89' lang='lat' dir='ltr'><strong>Neque</strong></span> <span class='ocrx_word' id='word_1_355' title='bbox 588 3273 658 3325; x_wconf 90' lang='lat' dir='ltr'><strong>enim</strong></span> <span class='ocrx_word' id='word_1_356' title='bbox 669 3272 859 3324; x_wconf 85' lang='lat' dir='ltr'><strong>ecclesiasticus</strong></span> <span class='ocrx_word' id='word_1_357' title='bbox 870 3271 914 3324; x_wconf 91' lang='lat' dir='ltr'><strong>ille</strong></span> <span class='ocrx_word' id='word_1_358' title='bbox 926 3277 1029 3341; x_wconf 88' lang='lat' dir='ltr'><strong>patrum</strong></span> <span class='ocrx_word' id='word_1_359' title='bbox 1041 3287 1180 3326; x_wconf 79' lang='lat' dir='ltr'><strong>cancerem</strong></span> <span class='ocrx_word' id='word_1_360' title='bbox 1191 3272 1299 3342; x_wconf 81' lang='grc' dir='ltr'>νομίμως</span> <span class='ocrx_word' id='word_1_361' title='bbox 1311 3272 1370 3325; x_wconf 89' lang='lat' dir='ltr'><strong>iniri</strong></span> <span class='ocrx_word' id='word_1_362' title='bbox 1383 3273 1494 3342; x_wconf 83' lang='lat' dir='ltr'><strong>nuptias</strong></span> 
     </span>
     <span class='ocr_line' id='line_1_35' title="bbox 326 3356 1494 3428; baseline 0.001 -19"><span class='ocrx_word' id='word_1_363' title='bbox 326 3356 384 3409; x_wconf 87' lang='lat' dir='ltr'><strong>illas</strong></span> <span class='ocrx_word' id='word_1_364' title='bbox 396 3357 518 3421; x_wconf 89' lang='lat' dir='ltr'><strong>ediceret,</strong></span> <span class='ocrx_word' id='word_1_365' title='bbox 530 3373 593 3428; x_wconf 86' lang='lat' dir='ltr'><strong>quas</strong></span> <span class='ocrx_word' id='word_1_366' title='bbox 606 3357 675 3410; x_wconf 89' lang='lat' dir='ltr'><strong>nulla</strong></span> <span class='ocrx_word' id='word_1_367' title='bbox 688 3357 764 3410; x_wconf 90' lang='lat' dir='ltr'><strong>modo</strong></span> <span class='ocrx_word' id='word_1_368' title='bbox 776 3357 860 3409; x_wconf 85' lang='lat' dir='ltr'><strong>licitus</strong></span> <span class='ocrx_word' id='word_1_369' title='bbox 872 3373 956 3426; x_wconf 90' lang='lat' dir='ltr'><strong>neque</strong></span> <span class='ocrx_word' id='word_1_370' title='bbox 968 3362 1037 3410; x_wconf 88' lang='lat' dir='ltr'><strong>ratas</strong></span> <span class='ocrx_word' id='word_1_371' title='bbox 1049 3373 1106 3411; x_wconf 86' lang='lat' dir='ltr'><strong>esse</strong></span> <span class='ocrx_word' id='word_1_372' title='bbox 1118 3363 1295 3427; x_wconf 86' lang='lat' dir='ltr'><strong>cognosceret.</strong></span> <span class='ocrx_word' id='word_1_373' title='bbox 1326 3357 1433 3411; x_wconf 81' lang='lat' dir='ltr'><strong>Etenim</strong></span> <span class='ocrx_word' id='word_1_374' title='bbox 1447 3358 1494 3428; x_wconf 91' lang='lat' dir='ltr'><strong>qui</strong></span> 
     </span>
     <span class='ocr_line' id='line_1_36' title="bbox 326 3441 1494 3513; baseline 0.002 -19"><span class='ocrx_word' id='word_1_375' title='bbox 326 3441 389 3494; x_wconf 85' lang='lat' dir='ltr'><strong>citra</strong></span> <span class='ocrx_word' id='word_1_376' title='bbox 401 3441 556 3496; x_wconf 71' lang='lat' dir='ltr'><strong>adulterium</strong></span> <span class='ocrx_word' id='word_1_377' title='bbox 568 3443 632 3497; x_wconf 88' lang='lat' dir='ltr'><strong>alias</strong></span> <span class='ocrx_word' id='word_1_378' title='bbox 645 3442 678 3496; x_wconf 92' lang='lat' dir='ltr'><strong>ab</strong></span> <span class='ocrx_word' id='word_1_379' title='bbox 690 3457 809 3507; x_wconf 85' lang='lat' dir='ltr'><strong>caussas,</strong></span> <span class='ocrx_word' id='word_1_380' title='bbox 826 3447 931 3512; x_wconf 88' lang='lat' dir='ltr'><strong>propter</strong></span> <span class='ocrx_word' id='word_1_381' title='bbox 946 3457 1012 3512; x_wconf 88' lang='lat' dir='ltr'><strong>ques</strong></span> <span class='ocrx_word' id='word_1_382' title='bbox 1030 3442 1167 3496; x_wconf 78' lang='lat' dir='ltr'><strong>divortium</strong></span> <span class='ocrx_word' id='word_1_383' title='bbox 1180 3443 1265 3497; x_wconf 84' lang='lat' dir='ltr'><strong>iacere</strong></span> <span class='ocrx_word' id='word_1_384' title='bbox 1275 3445 1445 3513; x_wconf 85' lang='lat' dir='ltr'><strong>imperatoris</strong></span> <span class='ocrx_word' id='word_1_385' title='bbox 1457 3443 1494 3496; x_wconf 90' lang='lat' dir='ltr'><strong>le-</strong></span> 
     </span>
     <span class='ocr_line' id='line_1_37' title="bbox 327 3527 1494 3598; baseline 0.003 -18"><span class='ocrx_word' id='word_1_386' title='bbox 327 3527 404 3596; x_wconf 88' lang='lat' dir='ltr'><strong>gibus</strong></span> <span class='ocrx_word' id='word_1_387' title='bbox 415 3527 456 3581; x_wconf 85' lang='lat' dir='ltr'><strong>ias</strong></span> <span class='ocrx_word' id='word_1_388' title='bbox 468 3533 515 3594; x_wconf 84' lang='lat' dir='ltr'><strong>eat,</strong></span> <span class='ocrx_word' id='word_1_389' title='bbox 526 3543 637 3582; x_wconf 87' lang='lat' dir='ltr'><strong>uxorem</strong></span> <span class='ocrx_word' id='word_1_390' title='bbox 648 3527 775 3580; x_wconf 89' lang='lat' dir='ltr'><strong>dimiserit</strong></span> <span class='ocrx_word' id='word_1_391' title='bbox 786 3528 916 3598; x_wconf 88' lang='lat' dir='ltr'><strong>aliamque</strong></span> <span class='ocrx_word' id='word_1_392' title='bbox 925 3527 1036 3594; x_wconf 88' lang='lat' dir='ltr'><strong>duxerit,</strong></span> <span class='ocrx_word' id='word_1_393' title='bbox 1047 3529 1074 3580; x_wconf 91' lang='lat' dir='ltr'><strong>in</strong></span> <span class='ocrx_word' id='word_1_394' title='bbox 1086 3528 1178 3582; x_wconf 84' lang='lat' dir='ltr'><strong>eadem</strong></span> <span class='ocrx_word' id='word_1_395' title='bbox 1188 3545 1248 3582; x_wconf 89' lang='lat' dir='ltr'><strong>cum</strong></span> <span class='ocrx_word' id='word_1_396' title='bbox 1259 3527 1383 3581; x_wconf 87' lang='lat' dir='ltr'><strong>adulteris</strong></span> <span class='ocrx_word' id='word_1_397' title='bbox 1396 3543 1494 3583; x_wconf 81' lang='lat' dir='ltr'><strong>caussa</strong></span> 
     </span>
     <span class='ocr_line' id='line_1_38' title="bbox 326 3612 1493 3684; baseline 0.002 -20"><span class='ocrx_word' id='word_1_398' title='bbox 326 3612 450 3666; x_wconf 86' lang='lat' dir='ltr'><strong>ecclesiae</strong></span> <span class='ocrx_word' id='word_1_399' title='bbox 462 3613 557 3666; x_wconf 92' lang='lat' dir='ltr'><strong>iudicio</strong></span> <span class='ocrx_word' id='word_1_400' title='bbox 569 3613 724 3682; x_wconf 86' lang='lat' dir='ltr'><strong>decretoque</strong></span> <span class='ocrx_word' id='word_1_401' title='bbox 735 3619 862 3678; x_wconf 80' lang='lat' dir='ltr'><strong>versatur,</strong></span> <span class='ocrx_word' id='word_1_402' title='bbox 879 3627 963 3682; x_wconf 87' lang='lat' dir='ltr'><strong>neque</strong></span> <span class='ocrx_word' id='word_1_403' title='bbox 975 3619 1021 3666; x_wconf 90' lang='lat' dir='ltr'><strong>aut</strong></span> <span class='ocrx_word' id='word_1_404' title='bbox 1031 3614 1081 3666; x_wconf 85' lang='lat' dir='ltr'><strong>leri</strong></span> <span class='ocrx_word' id='word_1_405' title='bbox 1091 3614 1250 3684; x_wconf 83' lang='lat' dir='ltr'><strong>poenitentia</strong></span> <span class='ocrx_word' id='word_1_406' title='bbox 1259 3613 1366 3684; x_wconf 89' lang='lat' dir='ltr'><strong>deiungi</strong></span> <span class='ocrx_word' id='word_1_407' title='bbox 1379 3619 1493 3684; x_wconf 85' lang='lat' dir='ltr'><strong>poterat,</strong></span> 
     </span>
     <span class='ocr_line' id='line_1_39' title="bbox 325 3697 1494 3770; baseline 0.003 -20"><span class='ocrx_word' id='word_1_408' title='bbox 325 3703 372 3750; x_wconf 87' lang='lat' dir='ltr'><strong>aut</strong></span> <span class='ocrx_word' id='word_1_409' title='bbox 383 3699 457 3750; x_wconf 90' lang='lat' dir='ltr'><strong>aliter</strong></span> <span class='ocrx_word' id='word_1_410' title='bbox 468 3714 547 3768; x_wconf 88' lang='lat' dir='ltr'><strong>qnam</strong></span> <span class='ocrx_word' id='word_1_411' title='bbox 559 3697 658 3751; x_wconf 89' lang='lat' dir='ltr'><strong>dissuto</strong></span> <span class='ocrx_word' id='word_1_412' title='bbox 670 3699 812 3769; x_wconf 89' lang='lat' dir='ltr'><strong>posteriore</strong></span> <span class='ocrx_word' id='word_1_413' title='bbox 828 3699 969 3768; x_wconf 90' lang='lat' dir='ltr'><strong>illicitoque</strong></span> <span class='ocrx_word' id='word_1_414' title='bbox 985 3699 1152 3752; x_wconf 87' lang='lat' dir='ltr'><strong>coutubernio</strong></span> <span class='ocrx_word' id='word_1_415' title='bbox 1169 3699 1240 3754; x_wconf 87' lang='lat' dir='ltr'><strong>illam</strong></span> <span class='ocrx_word' id='word_1_416' title='bbox 1251 3700 1335 3769; x_wconf 87' lang='lat' dir='ltr'><strong>ipsam</strong></span> <span class='ocrx_word' id='word_1_417' title='bbox 1346 3699 1494 3770; x_wconf 84' lang='lat' dir='ltr'><strong>impetrare</strong></span> 
     </span>
     <span class='ocr_line' id='line_1_40' title="bbox 326 3781 1492 3854; baseline 0.003 -18"><span class='ocrx_word' id='word_1_418' title='bbox 326 3783 521 3853; x_wconf 88' lang='lat' dir='ltr'><strong>poeniteutiam.</strong></span> <span class='ocrx_word' id='word_1_419' title='bbox 547 3781 769 3846; x_wconf 77' lang='lat' dir='ltr'><strong>Quemadmodum</strong></span> <span class='ocrx_word' id='word_1_420' title='bbox 781 3784 900 3849; x_wconf 76' lang='lat' dir='ltr'><strong>devotae,</strong></span> <span class='ocrx_word' id='word_1_421' title='bbox 912 3782 961 3836; x_wconf 90' lang='lat' dir='ltr'><strong>boc</strong></span> <span class='ocrx_word' id='word_1_422' title='bbox 972 3789 1013 3836; x_wconf 89' lang='lat' dir='ltr'><strong>est</strong></span> <span class='ocrx_word' id='word_1_423' title='bbox 1024 3801 1090 3854; x_wconf 87' lang='lat' dir='ltr'><strong>qnae</strong></span> <span class='ocrx_word' id='word_1_424' title='bbox 1101 3801 1130 3838; x_wconf 92' lang='lat' dir='ltr'><strong>se</strong></span> <span class='ocrx_word' id='word_1_425' title='bbox 1142 3785 1189 3838; x_wconf 89' lang='lat' dir='ltr'><strong>deo</strong></span> <span class='ocrx_word' id='word_1_426' title='bbox 1201 3791 1428 3850; x_wconf 71' lang='lat' dir='ltr'><strong>consecraverant,</strong></span> <span class='ocrx_word' id='word_1_427' title='bbox 1439 3785 1492 3839; x_wconf 86' lang='lat' dir='ltr'><strong>rir·</strong></span> 
     </span>
     <span class='ocr_line' id='line_1_41' title="bbox 326 3868 1494 3940; baseline 0.003 -20"><span class='ocrx_word' id='word_1_428' title='bbox 326 3868 401 3938; x_wconf 81' lang='lat' dir='ltr'><strong>ginea</strong></span> <span class='ocrx_word' id='word_1_429' title='bbox 414 3873 459 3920; x_wconf 89' lang='lat' dir='ltr'><strong>aut</strong></span> <span class='ocrx_word' id='word_1_430' title='bbox 470 3868 571 3934; x_wconf 79' lang='lat' dir='ltr'><strong>uiduae,</strong></span> <span class='ocrx_word' id='word_1_431' title='bbox 583 3874 607 3921; x_wconf 83' lang='lat' dir='ltr'><strong>si</strong></span> <span class='ocrx_word' id='word_1_432' title='bbox 616 3873 735 3922; x_wconf 83' lang='lat' dir='ltr'><strong>maritum</strong></span> <span class='ocrx_word' id='word_1_433' title='bbox 747 3873 911 3938; x_wconf 77' lang='lat' dir='ltr'><strong>accepissent,</strong></span> <span class='ocrx_word' id='word_1_434' title='bbox 923 3888 971 3922; x_wconf 86' lang='lat' dir='ltr'><strong>nun</strong></span> <span class='ocrx_word' id='word_1_435' title='bbox 983 3871 1181 3923; x_wconf 80' lang='lat' dir='ltr'><strong>admittebantur</strong></span> <span class='ocrx_word' id='word_1_436' title='bbox 1191 3873 1229 3923; x_wconf 89' lang='lat' dir='ltr'><strong>ad</strong></span> <span class='ocrx_word' id='word_1_437' title='bbox 1234 3874 1426 3940; x_wconf 83' lang='lat' dir='ltr'><strong>paenitentiam,</strong></span> <span class='ocrx_word' id='word_1_438' title='bbox 1439 3877 1494 3924; x_wconf 69' lang='lat' dir='ltr'><strong>elne·</strong></span> 
     </span>
     <span class='ocr_line' id='line_1_42' title="bbox 326 3953 1492 4026; baseline 0.003 -21"><span class='ocrx_word' id='word_1_439' title='bbox 326 3953 412 4024; x_wconf 79' lang='lat' dir='ltr'><strong>adduc</strong></span> <span class='ocrx_word' id='word_1_440' title='bbox 423 3957 478 4024; x_wconf 87' lang='lat' dir='ltr'><strong>ipso</strong></span> <span class='ocrx_word' id='word_1_441' title='bbox 489 3958 585 4008; x_wconf 80' lang='lat' dir='ltr'><strong>sinente</strong></span> <span class='ocrx_word' id='word_1_442' title='bbox 596 3959 689 4007; x_wconf 82' lang='lat' dir='ltr'><strong>marita</strong></span> <span class='ocrx_word' id='word_1_443' title='bbox 710 3963 780 4007; x_wconf 79' lang='lat' dir='ltr'><strong>caste</strong></span> <span class='ocrx_word' id='word_1_444' title='bbox 795 3958 880 4006; x_wconf 68' lang='lat' dir='ltr'><strong>uincere</strong></span> <span class='ocrx_word' id='word_1_445' title='bbox 893 3959 1043 4024; x_wconf 82' lang='lat' dir='ltr'><strong>caepissent,</strong></span> <span class='ocrx_word' id='word_1_446' title='bbox 1059 3964 1106 4010; x_wconf 85' lang='lat' dir='ltr'><strong>unt</strong></span> <span class='ocrx_word' id='word_1_447' title='bbox 1117 3964 1250 4026; x_wconf 77' lang='lat' dir='ltr'><strong>postquam</strong></span> <span class='ocrx_word' id='word_1_448' title='bbox 1266 3959 1320 4025; x_wconf 75' lang='lat' dir='ltr'><strong>epse</strong></span> <span class='ocrx_word' id='word_1_449' title='bbox 1333 3958 1492 4020; x_wconf 62' lang='lat' dir='ltr'><strong>&amp;seesima</strong></span> 
     </span>
     <span class='ocr_line' id='line_1_43' title="bbox 326 4038 1490 4110; baseline 0.003 -19"><span class='ocrx_word' id='word_1_450' title='bbox 326 4039 363 4091; x_wconf 88' lang='lat' dir='ltr'><strong>ait</strong></span> <span class='ocrx_word' id='word_1_451' title='bbox 378 4038 532 4092; x_wconf 82' lang='lat' dir='ltr'><strong>Toletanum</strong></span> <span class='ocrx_word' id='word_1_452' title='bbox 545 4057 562 4093; x_wconf 92' lang='lat' dir='ltr'><strong>r.</strong></span> <span class='ocrx_word' id='word_1_453' title='bbox 581 4039 706 4094; x_wconf 72' lang='lat' dir='ltr'><strong>(lanua</strong></span> <span class='ocrx_word' id='word_1_454' title='bbox 719 4045 745 4092; x_wconf 91' lang='lat' dir='ltr'><strong>et</strong></span> <span class='ocrx_word' id='word_1_455' title='bbox 756 4057 812 4104; x_wconf 87' lang='grc' dir='ltr'>ιιι,</span> <span class='ocrx_word' id='word_1_456' title='bbox 841 4041 921 4109; x_wconf 81' lang='lat' dir='ltr'><strong>Atqui</strong></span> <span class='ocrx_word' id='word_1_457' title='bbox 937 4040 1057 4110; x_wconf 84' lang='lat' dir='ltr'><strong>digamos</strong></span> <span class='ocrx_word' id='word_1_458' title='bbox 1074 4041 1138 4094; x_wconf 83' lang='lat' dir='ltr'><strong>istos</strong></span> <span class='ocrx_word' id='word_1_459' title='bbox 1155 4039 1329 4094; x_wconf 78' lang='lat' dir='ltr'><strong>laodicenum</strong></span> <span class='ocrx_word' id='word_1_460' title='bbox 1347 4041 1490 4096; x_wconf 85' lang='lat' dir='ltr'><strong>concilium</strong></span> 
     </span>
     <span class='ocr_line' id='line_1_44' title="bbox 326 4123 1490 4195; baseline 0.001 -18"><span class='ocrx_word' id='word_1_461' title='bbox 326 4123 398 4177; x_wconf 83' lang='lat' dir='ltr'><strong>breui</strong></span> <span class='ocrx_word' id='word_1_462' title='bbox 408 4129 524 4194; x_wconf 89' lang='lat' dir='ltr'><strong>tempore</strong></span> <span class='ocrx_word' id='word_1_463' title='bbox 535 4125 719 4195; x_wconf 88' lang='lat' dir='ltr'><strong>poenitentiam</strong></span> <span class='ocrx_word' id='word_1_464' title='bbox 732 4125 804 4178; x_wconf 74' lang='lat' dir='ltr'><strong>ebbe</strong></span> <span class='ocrx_word' id='word_1_465' title='bbox 816 4127 914 4190; x_wconf 81' lang='lat' dir='ltr'><strong>statuit,</strong></span> <span class='ocrx_word' id='word_1_466' title='bbox 925 4123 1068 4178; x_wconf 84' lang='lat' dir='ltr'><strong>llicaenum</strong></span> <span class='ocrx_word' id='word_1_467' title='bbox 1077 4141 1137 4179; x_wconf 82' lang='lat' dir='ltr'><strong>vero</strong></span> <span class='ocrx_word' id='word_1_468' title='bbox 1149 4125 1312 4190; x_wconf 76' lang='lat' dir='ltr'><strong>libentinam,</strong></span> <span class='ocrx_word' id='word_1_469' title='bbox 1323 4130 1353 4178; x_wconf 91' lang='lat' dir='ltr'><strong>ut</strong></span> <span class='ocrx_word' id='word_1_470' title='bbox 1362 4141 1424 4179; x_wconf 87' lang='lat' dir='ltr'><strong>cum</strong></span> <span class='ocrx_word' id='word_1_471' title='bbox 1436 4127 1490 4179; x_wconf 80' lang='lat' dir='ltr'><strong>illis</strong></span> 
     </span>
     <span class='ocr_line' id='line_1_45' title="bbox 243 4209 1490 4281; baseline 0.004 -21"><span class='ocrx_word' id='word_1_472' title='bbox 243 4247 248 4259; x_wconf 94' lang='lat'>.</span> <span class='ocrx_word' id='word_1_473' title='bbox 294 4247 300 4260; x_wconf 91' lang='lat'>.</span> <span class='ocrx_word' id='word_1_474' title='bbox 324 4209 480 4262; x_wconf 87' lang='lat' dir='ltr'><strong>nominatim</strong></span> <span class='ocrx_word' id='word_1_475' title='bbox 492 4211 726 4264; x_wconf 87' lang='lat' dir='ltr'><strong>communicaturos</strong></span> <span class='ocrx_word' id='word_1_476' title='bbox 738 4226 768 4263; x_wconf 90' lang='lat' dir='ltr'><strong>se</strong></span> <span class='ocrx_word' id='word_1_477' title='bbox 779 4210 1025 4280; x_wconf 84' lang='lat' dir='ltr'><strong>esseproliteantur,</strong></span> <span class='ocrx_word' id='word_1_478' title='bbox 1043 4211 1127 4264; x_wconf 88' lang='lat' dir='ltr'><strong>edicit.</strong></span> <span class='ocrx_word' id='word_1_479' title='bbox 1156 4210 1229 4274; x_wconf 86' lang='lat' dir='ltr'><strong>Quod</strong></span> <span class='ocrx_word' id='word_1_480' title='bbox 1245 4211 1360 4281; x_wconf 89' lang='lat' dir='ltr'><strong>proiecto</strong></span> <span class='ocrx_word' id='word_1_481' title='bbox 1377 4227 1432 4264; x_wconf 90' lang='lat' dir='ltr'><strong>uon</strong></span> <span class='ocrx_word' id='word_1_482' title='bbox 1451 4212 1490 4265; x_wconf 81' lang='lat' dir='ltr'><strong>ia-</strong></span> 
     </span>
     <span class='ocr_line' id='line_1_46' title="bbox 326 4293 1490 4365; baseline 0.002 -17"><span class='ocrx_word' id='word_1_483' title='bbox 326 4301 403 4361; x_wconf 79' lang='lat' dir='ltr'><strong>ceret,</strong></span> <span class='ocrx_word' id='word_1_484' title='bbox 415 4296 438 4348; x_wconf 90' lang='lat' dir='ltr'><strong>si</strong></span> <span class='ocrx_word' id='word_1_485' title='bbox 449 4293 613 4364; x_wconf 89' lang='lat' dir='ltr'><strong>digamorum</strong></span> <span class='ocrx_word' id='word_1_486' title='bbox 625 4297 730 4349; x_wconf 91' lang='lat' dir='ltr'><strong>nomine</strong></span> <span class='ocrx_word' id='word_1_487' title='bbox 741 4293 888 4365; x_wconf 83' lang='lat' dir='ltr'><strong>flagitiosas</strong></span> <span class='ocrx_word' id='word_1_488' title='bbox 899 4297 958 4349; x_wconf 90' lang='lat' dir='ltr'><strong>illos</strong></span> <span class='ocrx_word' id='word_1_489' title='bbox 969 4313 1000 4350; x_wconf 88' lang='lat' dir='ltr'><strong>ac</strong></span> <span class='ocrx_word' id='word_1_490' title='bbox 1011 4296 1106 4349; x_wconf 91' lang='lat' dir='ltr'><strong>iudicio</strong></span> <span class='ocrx_word' id='word_1_491' title='bbox 1118 4296 1241 4349; x_wconf 87' lang='lat' dir='ltr'><strong>ecclesiae</strong></span> <span class='ocrx_word' id='word_1_492' title='bbox 1253 4295 1371 4349; x_wconf 72' lang='lat' dir='ltr'><strong>adulteri</strong></span> <span class='ocrx_word' id='word_1_493' title='bbox 1379 4297 1490 4350; x_wconf 90' lang='lat' dir='ltr'><strong>damna·</strong></span> 
     </span>
     <span class='ocr_line' id='line_1_47' title="bbox 326 4381 1490 4452; baseline -0.003 -16"><span class='ocrx_word' id='word_1_494' title='bbox 326 4387 366 4436; x_wconf 88' lang='lat' dir='ltr'><strong>tas</strong></span> <span class='ocrx_word' id='word_1_495' title='bbox 376 4383 553 4436; x_wconf 85' lang='lat' dir='ltr'><strong>intellexisset</strong></span> <span class='ocrx_word' id='word_1_496' title='bbox 571 4381 759 4446; x_wconf 86' lang='lat' dir='ltr'><strong>Praeterea,ut</strong></span> <span class='ocrx_word' id='word_1_497' title='bbox 767 4397 846 4451; x_wconf 88' lang='lat' dir='ltr'><strong>qnam</strong></span> <span class='ocrx_word' id='word_1_498' title='bbox 856 4381 969 4435; x_wconf 87' lang='lat' dir='ltr'><strong>absurda</strong></span> <span class='ocrx_word' id='word_1_499' title='bbox 977 4383 1011 4435; x_wconf 89' lang='lat' dir='ltr'><strong>sit</strong></span> <span class='ocrx_word' id='word_1_500' title='bbox 1020 4397 1055 4435; x_wconf 90' lang='lat' dir='ltr'><strong>rc.</strong></span> <span class='ocrx_word' id='word_1_501' title='bbox 1065 4382 1194 4435; x_wconf 87' lang='lat' dir='ltr'><strong>sententia</strong></span> <span class='ocrx_word' id='word_1_502' title='bbox 1202 4381 1344 4435; x_wconf 84' lang='lat' dir='ltr'><strong>evidentius</strong></span> <span class='ocrx_word' id='word_1_503' title='bbox 1353 4389 1490 4452; x_wconf 84' lang='lat' dir='ltr'><strong>appareat,</strong></span> 
     </span>
     <span class='ocr_line' id='line_1_48' title="bbox 325 4466 1489 4538; baseline 0.001 -18"><span class='ocrx_word' id='word_1_504' title='bbox 325 4468 349 4520; x_wconf 90' lang='lat' dir='ltr'><strong>al</strong></span> <span class='ocrx_word' id='word_1_505' title='bbox 360 4469 386 4520; x_wconf 90' lang='lat' dir='ltr'><strong>ln</strong></span> <span class='ocrx_word' id='word_1_506' title='bbox 397 4467 442 4521; x_wconf 93' lang='lat' dir='ltr'><strong>illo</strong></span> <span class='ocrx_word' id='word_1_507' title='bbox 451 4467 558 4522; x_wconf 89' lang='lat' dir='ltr'><strong>Nicaeni</strong></span> <span class='ocrx_word' id='word_1_508' title='bbox 567 4466 670 4522; x_wconf 90' lang='lat' dir='ltr'><strong>concilii</strong></span> <span class='ocrx_word' id='word_1_509' title='bbox 679 4483 777 4520; x_wconf 88' lang='lat' dir='ltr'><strong>canone</strong></span> <span class='ocrx_word' id='word_1_510' title='bbox 787 4466 884 4538; x_wconf 86' lang='lat' dir='ltr'><strong>digami</strong></span> <span class='ocrx_word' id='word_1_511' title='bbox 894 4473 965 4532; x_wconf 87' lang='lat' dir='ltr'><strong>suut,</strong></span> <span class='ocrx_word' id='word_1_512' title='bbox 977 4467 1022 4537; x_wconf 89' lang='lat' dir='ltr'><strong>qui</strong></span> <span class='ocrx_word' id='word_1_513' title='bbox 1031 4473 1121 4520; x_wconf 74' lang='lat' dir='ltr'><strong>annue</strong></span> <span class='ocrx_word' id='word_1_514' title='bbox 1129 4466 1317 4520; x_wconf 83' lang='lat' dir='ltr'><strong>ecclesiasticas</strong></span> <span class='ocrx_word' id='word_1_515' title='bbox 1329 4469 1489 4532; x_wconf 84' lang='lat' dir='ltr'><strong>sanctiones,</strong></span> 
     </span>
     <span class='ocr_line' id='line_1_49' title="bbox 326 4551 1488 4624; baseline 0 -18"><span class='ocrx_word' id='word_1_516' title='bbox 326 4551 375 4607; x_wconf 89' lang='lat' dir='ltr'><strong>boe</strong></span> <span class='ocrx_word' id='word_1_517' title='bbox 386 4559 433 4618; x_wconf 87' lang='lat' dir='ltr'><strong>eet,</strong></span> <span class='ocrx_word' id='word_1_518' title='bbox 444 4559 474 4606; x_wconf 90' lang='lat' dir='ltr'><strong>ut</strong></span> <span class='ocrx_word' id='word_1_519' title='bbox 484 4554 540 4624; x_wconf 86' lang='lat' dir='ltr'><strong>ipse</strong></span> <span class='ocrx_word' id='word_1_520' title='bbox 552 4569 612 4606; x_wconf 90' lang='lat' dir='ltr'><strong>cnm</strong></span> <span class='ocrx_word' id='word_1_521' title='bbox 620 4551 778 4606; x_wconf 75' lang='lat' dir='ltr'><strong>calvinianis</strong></span> <span class='ocrx_word' id='word_1_522' title='bbox 787 4552 928 4616; x_wconf 82' lang='lat' dir='ltr'><strong>existimat,</strong></span> <span class='ocrx_word' id='word_1_523' title='bbox 940 4553 1005 4604; x_wconf 90' lang='lat' dir='ltr'><strong>citra</strong></span> <span class='ocrx_word' id='word_1_524' title='bbox 1016 4568 1134 4606; x_wconf 82' lang='lat' dir='ltr'><strong>caussam</strong></span> <span class='ocrx_word' id='word_1_525' title='bbox 1143 4551 1263 4609; x_wconf 84' lang='lat' dir='ltr'><strong>adulterii</strong></span> <span class='ocrx_word' id='word_1_526' title='bbox 1275 4552 1307 4607; x_wconf 88' lang='lat' dir='ltr'><strong>ob</strong></span> <span class='ocrx_word' id='word_1_527' title='bbox 1319 4569 1364 4606; x_wconf 86' lang='lat' dir='ltr'><strong>eas</strong></span> <span class='ocrx_word' id='word_1_528' title='bbox 1376 4569 1488 4606; x_wconf 82' lang='lat' dir='ltr'><strong>caussas</strong></span> 
     </span>
     <span class='ocr_line' id='line_1_50' title="bbox 326 4635 1487 4708; baseline 0.002 -18"><span class='ocrx_word' id='word_1_529' title='bbox 326 4636 464 4706; x_wconf 87' lang='lat' dir='ltr'><strong>dequibus</strong></span> <span class='ocrx_word' id='word_1_530' title='bbox 477 4639 615 4690; x_wconf 88' lang='lat' dir='ltr'><strong>divertium</strong></span> <span class='ocrx_word' id='word_1_531' title='bbox 628 4639 725 4692; x_wconf 86' lang='lat' dir='ltr'><strong>saeculi</strong></span> <span class='ocrx_word' id='word_1_532' title='bbox 740 4639 812 4706; x_wconf 86' lang='lat' dir='ltr'><strong>leges</strong></span> <span class='ocrx_word' id='word_1_533' title='bbox 829 4636 965 4707; x_wconf 79' lang='lat' dir='ltr'><strong>indulgent</strong></span> <span class='ocrx_word' id='word_1_534' title='bbox 982 4639 1114 4707; x_wconf 88' lang='lat' dir='ltr'><strong>repudiata</strong></span> <span class='ocrx_word' id='word_1_535' title='bbox 1131 4638 1214 4708; x_wconf 90' lang='lat' dir='ltr'><strong>priore</strong></span> <span class='ocrx_word' id='word_1_536' title='bbox 1232 4635 1339 4692; x_wconf 88' lang='lat' dir='ltr'><strong>alteram</strong></span> <span class='ocrx_word' id='word_1_537' title='bbox 1356 4639 1407 4690; x_wconf 85' lang='lat' dir='ltr'><strong>sibi</strong></span> <span class='ocrx_word' id='word_1_538' title='bbox 1423 4655 1487 4692; x_wconf 85' lang='lat' dir='ltr'><strong>con·</strong></span> 
     </span>
    </p>
   </div>
   <div class='ocr_carea' id='block_1_3' title="bbox 0 0 1642 5154">
    <p class='ocr_par' dir='ltr' id='par_1_3' title="bbox 0 0 1642 5154">
     <span class='ocr_line' id='line_1_51' title="bbox 0 0 1642 5154; baseline 0 0"><span class='ocrx_word' id='word_1_539' title='bbox 0 0 1642 5154; x_wconf 95' lang='lat' dir='ltr'><strong> </strong></span> 
     </span>
    </p>
   </div>
  </div>
 </body>
</html>
