3252 5158
364 443 486 508 colvm

363 605 450 674 itaque
460 603 560 660 rationo
571 601 644 674 priua
659 599 723 658 illud
738 595 869 658 decretum
889 601 920 656 de
935 601 1090 658 celebrando
1106 619 1166 658 oum
1183 601 1285 658 ludaeis
1302 599 1443 674 puchou,
1459 603 1525 658 siin

362 689 448 744 verbis
459 689 523 759 ipsis
534 685 655 753 haereas,
667 687 807 742 absurdum
820 693 846 741 et
858 687 891 740 ah
903 688 1079 742 ecclesiastico
1091 687 1142 742 ritu
1150 704 1257 759 prorsas
1266 685 1409 744 abhorrens
1418 687 1525 744 ridetur.

362 774 423 828 Ideo
435 790 510 828 mens
522 774 578 828 eius
595 789 625 828 ao
641 774 770 828 sententia
784 774 870 844 ονοςίο
887 789 965 843 quam
978 789 1055 828 roceo
1071 773 1241 828 attendendae
1258 779 1327 830 sunt
1361 773 1525 828 Sententiam

363 875 426 929 ergo
438 847 558 930 deinceps
571 859 691 930 explicat
714 857 798 922 Quam
815 858 968 929 priusquam
984 859 1151 928 attingimus,
1168 859 1319 914 observabis
1330 859 1446 930 priorem
1456 859 1526 912 illam

363 943 500 1014 dorcestriae
512 951 539 998 et
549 945 736 998 contrariarum
752 946 840 1014 legum
857 943 1018 1009 condictum,
1039 959 1118 1014 quem
1133 945 1159 998 iu
1177 945 1326 1015 exemplum
1343 945 1455 1000 allatum
1471 960 1525 996 esse

364 1029 491 1094 diximus,
503 1029 610 1083 minime
621 1027 669 1084 hoc
681 1029 739 1085 loco
751 1029 865 1084 dnsolri.
883 1028 941 1082 Non
954 1030 1024 1084 enim
1036 1029 1150 1100 explicat
1162 1029 1291 1100 quomodo
1303 1030 1338 1084 ab
1350 1029 1472 1100 generali
1484 1029 1524 1082 ills

364 1113 394 1168 de
406 1114 502 1168 ieiunio
515 1113 697 1168 constitutione
709 1113 838 1168 dominica
850 1113 904 1168 dies
917 1114 1070 1186 excipienda
1082 1115 1124 1168 eit.
1141 1113 1193 1168 Sed
1202 1109 1265 1166 sarh
1274 1112 1438 1184 conscipiunt
1448 1113 1525 1168 eximi

364 1198 509 1253 Christiano
521 1215 592 1252 more
605 1198 769 1269 significarit
792 1197 830 1252 De
843 1215 894 1270 qno
906 1215 983 1253 nemo
996 1199 1138 1252 dubitabat.
1162 1199 1287 1263 Quocirca
1298 1215 1367 1270 quae
1379 1203 1525 1269 sequnntur

364 1285 397 1338 ad
406 1281 544 1353 ἀντινομίαν
554 1283 661 1336 alteram
677 1300 707 1337 ac
720 1285 879 1354 quaestionis
892 1291 970 1356 capnt
982 1283 1068 1355 ipenm
1077 1285 1200 1348 attinent,
1213 1289 1291 1354 atque
1300 1284 1365 1338 illud
1374 1285 1524 1355 explensnt,

279 1407 285 1422 .
332 1407 339 1423 .
365 1385 416 1441 qno
428 1385 508 1423 senen
519 1369 690 1440 apostolicum
701 1369 764 1422 illud
776 1371 907 1424 decretum
918 1369 1097 1440 accipiendum
1109 1369 1154 1435 sit,
1170 1385 1231 1424 cum
1244 1368 1346 1424 lodmir
1357 1367 1460 1440 pascha
1471 1385 1524 1423 esse

364 1454 555 1510 celebrandum.
589 1452 647 1508 Non
663 1454 732 1508 enim
744 1461 867 1527 perpetuo
880 1471 939 1508 cum
950 1455 1001 1510 illis
1018 1443 1195 1526 peragendum
1207 1460 1259 1519 eet,
1276 1453 1322 1508 sed
1338 1458 1397 1508 tum
1409 1455 1525 1509 videlicet

365 1557 425 1596 oum
436 1547 497 1612 post
507 1539 699 1610 aequinoctium
710 1539 748 1594 illi
758 1557 836 1596 suum
846 1539 945 1612 pascha
955 1541 1094 1595 celebrant
1117 1540 1221 1610 Alioqui
1232 1540 1268 1604 si,
1284 1540 1322 1593 nti
1336 1555 1523 1610 saepenumero

363 1627 475 1691 iaciunt,
487 1623 679 1695 aequinoctium
691 1629 865 1690 antevortunt,
876 1625 996 1680 imitandi
1007 1643 1059 1680 non
1070 1630 1154 1682 erunt
1178 1623 1225 1678 list
1235 1625 1315 1695 igitur
1326 1625 1396 1695 legis
1408 1626 1460 1678 ista
1470 1642 1523 1680 sen·

364 1712 456 1778 tentis,
474 1717 503 1764 nt
514 1708 678 1781 aequinoctio
694 1709 832 1764 cominiano
844 1726 904 1764 eum
915 1710 1016 1764 ludaeis
1027 1709 1125 1782 pascha
1135 1710 1286 1764 celebretur.
1310 1710 1369 1775 iiis,
1387 1723 1457 1780 quae
1468 1709 1522 1764 hac·

364 1804 441 1852 tenus
463 1796 531 1850 dicta
552 1800 625 1858 sunt,
647 1793 782 1848 subductis
799 1796 918 1850 omuibus
939 1811 971 1850 ea
988 1795 1019 1848 de
1039 1795 1181 1867 apostolico
1201 1794 1246 1848 illo
1267 1794 1370 1848 decreto
1387 1795 1522 1866 epiphanii

365 1881 494 1936 sententia
510 1880 647 1950 colligitur,
665 1878 755 1949 primia
772 1879 894 1934 ecclesiae
910 1881 1083 1952 temporibus,
1100 1879 1251 1952 praesertim
1268 1879 1396 1950 quamdiu
1414 1881 1522 1952 episcopi

365 1985 399 2024 ex
408 1965 602 2023 circumcisione
609 1963 796 2033 Hierosolymis
804 1965 978 2033 praeinemnt,
989 1971 1115 2040 statutum
1125 1982 1183 2020 esse
1192 1965 1231 2018 uti
1241 1963 1339 2036 pascha
1349 1981 1415 2020 cnm
1427 1965 1521 2020 rotun

366 2053 487 2116 obiretnr,
504 2050 553 2105 hoo
568 2056 608 2104 est
624 2051 686 2104 luna
698 2066 752 2104 xrs.
765 2065 953 2121 quamcumque
970 2051 997 2104 in
1013 2051 1081 2106 dem
1098 2049 1228 2115 inciderit,
1246 2050 1390 2106 dummodo
1409 2051 1521 2106 mniecto

365 2140 418 2193 ism
435 2135 598 2207 aequinoctio
615 2135 759 2204 contingat.
792 2134 833 2188 lta
843 2135 911 2190 enim
923 2135 999 2201 illud,
1011 2135 1081 2206 qnod
1092 2135 1197 2190 eudem
1208 2135 1419 2190 constitutiones
1429 2136 1521 2198 intest,

365 2223 465 2279 accidet
480 2228 508 2274 nt
519 2220 669 2290 ingentibus
684 2218 799 2284 Indaeis,
816 2217 866 2274 hoc
882 2227 921 2274 est
937 2238 988 2292 qno
1006 2220 1047 2276 die
1064 2235 1158 2290 asyma
1173 2237 1232 2276 cnm
1249 2219 1358 2276 lactucis
1376 2221 1520 2290 agrestibus

366 2307 516 2371 comedunt,
534 2303 669 2376 epulentur
686 2303 833 2358 Christiani.
868 2305 982 2360 Alterum
998 2310 1095 2372 antem,
1116 2312 1145 2358 nt
1160 2305 1211 2360 illis
1226 2304 1342 2358 richeim
1357 2305 1519 2376 epulantibm

365 2393 471 2462 lugeant
482 2391 538 2456 isti,
556 2389 666 2443 obtineri
677 2407 729 2443 non
740 2394 837 2460 potest,
852 2389 903 2442 nisi
918 2391 1039 2461 postridie
1056 2389 1186 2461 paschatis
1199 2389 1352 2455 Christiani,
1367 2391 1427 2446 sire
1444 2391 1519 2461 primo

368 2476 408 2531 die
421 2491 571 2546 azymorum
583 2473 758 2539 Iudaicorum,
769 2473 912 2527 ieiunatum
921 2491 965 2544 per
973 2473 1037 2529 illud
1046 2481 1149 2546 tempor
1160 2476 1185 2529 in
1197 2475 1305 2529 eeclesia
1313 2475 1400 2530 fuisse
1408 2476 1519 2529 velimus

366 2560 440 2626 Quod
452 2567 492 2614 est
501 2559 679 2613 falsissimum.
714 2557 820 2612 Certum
837 2558 905 2611 enim
921 2565 959 2612 est
969 2561 1031 2615 totis
1042 2561 1093 2614 illis
1106 2561 1294 2634 qninquaginta
1306 2561 1416 2628 diebus,
1433 2563 1477 2632 qni
1492 2559 1520 2613 ad

365 2652 532 2717 pentecosten
544 2644 705 2699 intercedunt
716 2659 732 2695 a
742 2640 878 2714 paschate,
894 2643 1017 2700 ieiunium
1033 2645 1066 2700 ab
1083 2647 1193 2700 ecclesia
1209 2663 1267 2700 esse
1284 2645 1432 2701 sublatum.
1454 2647 1519 2699 'lunc

365 2733 445 2804 igitur
461 2732 546 2786 solum
562 2730 665 2784 etenim
680 2727 744 2782 illud
758 2728 857 2798 potnit,
874 2733 904 2782 ut
919 2730 1080 2800 epulantibus
1095 2730 1196 2786 Indaeis
1214 2729 1355 2786 Chrirtlani
1370 2733 1520 2794 ieiunarent,

366 2818 468 2888 quoties
484 2823 543 2870 onte
555 2806 667 2870 remum
680 2813 872 2884 aequinoctium
885 2811 1011 2869 aludaeis
1024 2814 1121 2887 pascha
1135 2821 1310 2888 perageretur,
1327 2818 1392 2887 quia
1409 2817 1518 2871 nondum

366 2902 504 2956 Christiani
519 2901 644 2954 ieiunium
659 2899 801 2954 solvebant
826 2897 921 2952 Verum
938 2899 1008 2952 nulla
1025 2907 1078 2954 tarn
1095 2901 1232 2956 enucleata
1246 2900 1322 2955 huius
1339 2909 1367 2955 et
1383 2901 1518 2974 snperiorir

366 2988 465 3042 numeri
478 2986 615 3040 declamtio
626 2990 713 3056 potest
723 2983 879 3054 excogitari,
896 2983 958 3054 quin
973 2984 1111 3054 plurimum
1128 2985 1210 3040 adhuc
1226 2987 1389 3042 difficultatis
1406 2987 1518 3058 supersit
1594 3015 1595 3027 ν

366 3071 429 3138 Quis
441 3073 510 3126 enirn
521 3070 738 3143 pseudodictaxes
750 3070 812 3122 istas
825 3069 891 3122 inter
907 3086 934 3122 se
951 3069 1086 3126 conciliare
1102 3074 1198 3144 possit,
1215 3089 1275 3126 oum
1290 3073 1355 3126 alias
1373 3071 1473 3143 pascha
1482 3071 1517 3124 In·
1593 3101 1594 3117 t

367 3157 438 3212 deice
450 3156 631 3211 celebrandum
643 3171 700 3209 esee
712 3153 851 3220 deliniunt,
868 3153 986 3224 quamuis
997 3154 1114 3210 aberrent
1125 3157 1224 3223 Iudaei,
1239 3157 1303 3210 alias
1315 3157 1421 3212 Indaeis
1434 3173 1518 3228 asyma

366 3243 549 3314 peragentibus
561 3241 665 3296 ieiuniis
677 3257 707 3294 ac
718 3239 815 3309 vigilite
828 3239 928 3310 operari
940 3237 1114 3296 Christianos?
1131 3259 1160 3296 ac
1172 3241 1271 3312 reliqua
1286 3241 1320 3295 ad
1335 3259 1398 3298 eom
1409 3243 1516 3306 modun,

367 3345 432 3402 quae
445 3328 516 3382 nulla
526 3327 702 3397 interpretatio
714 3323 747 3378 ab
760 3341 845 3378 errore
855 3332 996 3396 mutuaque
1008 3327 1166 3381 contentione
1178 3327 1308 3382 vindicare
1320 3335 1418 3400 potest

433 3411 463 3466 N.
477 3431 522 3467 rer.
546 3409 609 3482 llop'
620 3411 677 3482 ἡμῖν
691 3407 717 3462 et
733 3410 763 3462 od
781 3409 845 3481 pio]
879 3409 933 3464 Sex
950 3409 1004 3463 dies
1022 3407 1206 3466 hebdomadem
1223 3412 1334 3480 iaciant,
1352 3414 1516 3470 adnumerata

366 3496 495 3572 paschatis
507 3497 666 3561 celebritate,
678 3512 745 3567 quoe
756 3493 944 3550 hebdomadem
956 3493 1085 3550 terminat.

433 3583 549 3636 ‘inpriore
560 3586 602 3650 τῆς
614 3581 735 3650 σελήνης]
752 3581 822 3635 ilaec
835 3585 875 3634 est
886 3583 985 3652 glossa,
998 3596 1076 3651 qnam
1088 3598 1120 3636 ex
1133 3584 1263 3638 communi
1275 3585 1407 3639 sententia
1418 3585 1451 3638 ad
1461 3585 1514 3636 sori·

367 3676 456 3741 pturae
467 3671 552 3724 locum
564 3667 689 3720 adtexuit.
711 3665 800 3738 Neque
812 3667 880 3720 euim
892 3667 969 3720 lunae
981 3666 1108 3738 scriptura
1118 3665 1166 3721 hoo
1177 3669 1203 3722 in
1216 3669 1321 3738 negotio
1333 3671 1464 3736 meminit,
1475 3667 1514 3722 sed

367 3771 483 3810 mensem
494 3753 620 3806 duntaxat
631 3753 756 3806 nominet.
780 3749 833 3804 Nos
846 3750 876 3804 dc
888 3750 1039 3805 Indaeorum
1052 3768 1121 3806 anno
1132 3769 1210 3824 supra
1220 3753 1398 3811 dissernimus.

434 3837 479 3892 ilat
491 3836 530 3890 ἐὰν
544 3835 586 3908 μὶν
598 3832 627 3903 ἦν
639 3833 904 3907 τεσσαρεσκαιδεκάτῃ]
938 3833 996 3890 Non
1010 3837 1088 3892 unius
1100 3838 1149 3891 diei
1160 3838 1301 3910 paschatis,
1319 3840 1365 3893 sed
1381 3841 1462 3895 totius
1476 3839 1513 3894 he·

367 3925 499 3980 bdomsdie
510 3924 636 3976 rationem
647 3921 725 3976 habet
736 3921 856 3987 ecclesia,
868 3938 947 3994 qnam
957 3922 1144 3994 xerophagiae,
1161 3931 1205 3977 aut
1215 3935 1345 3988 ecoctam,
1363 3935 1411 3980 aut
1418 3924 1513 3998 pesclo

367 4013 443 4066 eliam
456 4009 628 4080 appellarunt,
645 4013 675 4060 ut
688 4007 721 4059 ad
731 4005 811 4060 tinem
822 4004 899 4060 huius
912 4008 995 4079 operis
1012 4007 1174 4063 adnotamus.
1208 4009 1235 4064 st
1251 4010 1332 4081 igilur
1347 4011 1513 4066 smirnam

366 4097 458 4150 lenam
469 4093 609 4148 secundam
621 4091 751 4158 inciderit,
765 4099 810 4146 ent
821 4093 847 4146 in
858 4093 971 4166 reliquos
983 4093 1157 4149 hebdomadae
1169 4093 1223 4148 dies
1234 4095 1266 4148 ad
1277 4096 1419 4150 sabbatum
1431 4111 1514 4166 usqne,

366 4179 506 4234 hebdomas
518 4177 693 4250 xerophagiae
705 4177 857 4243 celebratur,
868 4185 894 4231 et
905 4179 996 4232 aleria
1004 4178 1116 4234 secunda
1125 4180 1179 4233 eine
1188 4180 1289 4235 initium
1298 4181 1410 4235 ducitur.
1427 4181 1512 4234 Totam

367 4265 433 4320 hanc
445 4264 631 4319 hebdomadem
644 4263 708 4334 lupo
719 4260 856 4332 προβάτου,
869 4269 1043 4318 enactco'enem
1055 4267 1118 4334 eqni
1127 4273 1270 4337 nuncupat,
1283 4268 1343 4336 quia
1354 4267 1382 4320 in
1394 4273 1513 4338 apparata

368 4351 522 4406 celebritatis
535 4357 560 4404 et
570 4349 754 4405 immolationis
766 4347 820 4401 dies
832 4349 930 4419 aliquot
941 4365 957 4400 a
968 4347 1068 4402 Indaeis
1081 4349 1143 4402 olim
1154 4351 1240 4420 positi
1260 4349 1326 4405 Nam
1338 4351 1415 4422 piceo
1427 4348 1511 4422 ἄγετον,

368 4444 482 4509 utsupra
491 4435 632 4500 docuimus,
644 4432 707 4488 nihil
716 4432 786 4487 aliud
795 4439 842 4499 est,
855 4450 932 4504 qoam
943 4435 1091 4498 celebratur,
1097 4441 1242 4504 percepitur.
1260 4435 1303 4491 Sic
1314 4435 1378 4492 illud
1387 4437 1511 4500 loanni,

370 4523 408 4576 14.
423 4521 470 4590 ἤδη
487 4519 513 4573 at
529 4525 570 4588 τῆς
587 4517 669 4590 ἑορτῆς
681 4519 801 4590 pessime
816 4520 897 4590 accipi
912 4524 1003 4592 potest
1039 4517 1173 4574 Caeterum
1191 4520 1348 4588 dominicae,
1366 4525 1422 4578 sire
1438 4522 1510 4576 leriae

367 4607 465 4678 primae
474 4604 522 4660 hoc
531 4607 587 4660 loco
598 4621 651 4660 non
661 4604 791 4670 memlnit,
803 4603 871 4676 qnod
883 4605 916 4659 ab
928 4619 959 4660 ea
970 4621 1102 4676 uunquam
1113 4605 1287 4678 xerophagiae
1299 4605 1442 4662 hebdomas
1452 4607 1509 4662 inire

367 4691 462 4764 possit,
472 4707 531 4746 cam
542 4689 670 4744 dominico
682 4689 721 4745 die
732 4688 847 4746 ieiunare
858 4705 911 4744 non
921 4689 1005 4744 liceat.
1028 4689 1060 4744 lit
1070 4697 1157 4745 terum
1169 4693 1193 4746 si
1204 4693 1231 4746 in
1242 4707 1300 4747 eam
1312 4709 1365 4750 ιον.
1373 4693 1449 4748 lunae
1460 4693 1507 4746 dier
