3274 5154
1143 361 1284 420 ccum

124 519 284 574 substantiae
293 517 491 574 nomineiiiium
500 533 547 590 per
556 517 645 572 omnia
654 517 723 589 petri
733 515 845 572 similem
857 527 915 571 esse
923 516 1113 588 profiterentur.
1130 517 1197 573 Hine
1207 519 1284 573 tertia

123 607 167 660 illa
177 605 238 659 fidei
249 605 362 660 iormnla
372 605 496 669 manarit,
509 619 588 674 qnam
596 601 691 658 Veiens
704 603 736 656 ad
748 604 910 658 Ariminense
922 603 1059 658 concilium
1071 603 1170 669 detulit,
1181 610 1211 658 ut
1224 603 1283 675 iipi·

123 689 233 762 phanias
244 689 293 744 hae
304 691 362 762 ipsa
372 690 400 743 in
411 689 512 743 haeresi
523 695 641 743 testatur.
676 687 760 752 Quam
777 687 881 758 quidem
895 687 965 760 apud
976 687 1111 743 Socratem
1128 689 1222 756 habes,
1239 688 1283 743 ad·

123 776 226 848 scriptis
237 791 304 829 coss.
316 775 479 840 nominibus,
491 774 587 846 quade
599 789 692 828 caussa
703 773 887 828 catholicorum
899 775 1028 839 omnium,
1040 775 1192 846 praesertim
1206 773 1284 828 Atha·

122 861 201 926 nesii,
213 862 268 914 risu
278 877 309 914 ae
319 860 430 914 ludibrio
441 866 482 914 set
493 867 611 931 excepta.
627 859 724 914 hedam
734 875 802 913 anno
811 859 930 913 Liberius
939 859 1038 914 Beroea
1047 865 1183 914 revocatus
1195 859 1284 914 Sirmii

122 947 221 1018 primae
234 947 271 1000 illi
285 945 415 1000 iormnlae
430 945 596 1016 subscripsit,
614 961 681 1016 qnae
694 943 792 998 Graece
808 946 924 998 aiAarco
936 951 1026 999 cenna
1036 944 1175 1000 Photinnm
1187 945 1284 1018 scripta

122 1029 218 1096 marat,
229 1047 282 1084 non
294 1031 431 1085 secundae.
455 1029 512 1095 Quo
524 1032 661 1102 impetrato
672 1030 783 1086 Romam
795 1031 942 1084 remittitur.

187 1117 264 1170 Anno
278 1131 403 1172 occnvm.
416 1115 537 1170 absoluta
551 1117 681 1170 sirmiam
696 1115 910 1188 pseudosynodo,
927 1115 1095 1170 Constantius
1106 1115 1283 1172 Nicomediam

121 1202 230 1256 alteram
241 1202 339 1259 indicit.
359 1201 411 1256 Sed
422 1217 453 1255 ea
460 1208 545 1255 terrae
554 1207 627 1254 motu
636 1207 771 1272 prostrata,
784 1217 847 1256 mox
859 1203 938 1256 etiam
949 1200 1054 1268 Nicaea,
1065 1217 1117 1273 quo
1128 1209 1282 1258 conuentum

121 1287 254 1341 tmnsiorri
265 1287 410 1359 placuerat,
424 1287 514 1341 eadem
525 1288 601 1340 ruina
613 1287 744 1342 subversa

188 1374 265 1426 Anno
277 1372 383 1426 domum
395 1387 499 1427 coenrn.
511 1371 631 1427 bifariam
643 1371 787 1428 danihelis
799 1373 925 1445 episeopis
942 1373 1033 1428 eodem
1048 1379 1164 1444 tempore
1175 1374 1283 1430 Arimini

11 1505 14 1520 ,
121 1473 151 1510 ac
162 1455 298 1512 Seleuciae
309 1459 338 1511 in
348 1457 448 1511 isauria
459 1458 552 1528 synodi
568 1457 738 1512 celebrantur.
771 1458 845 1513 liene
860 1459 963 1516 illoram
978 1463 1125 1530 temporum
1139 1458 1282 1526 historiam,

120 1543 268 1597 cuiusmodi
275 1544 303 1596 in
309 1543 453 1597 Annalibus
461 1544 577 1608 traditur,
590 1559 650 1597 cum
659 1543 686 1597 in
695 1543 803 1598 caeteris
812 1543 935 1598 Niooians
946 1541 1031 1598 Faber
1041 1545 1081 1598 vir
1093 1537 1282 1600 eruditissimus

120 1645 172 1682 non
188 1629 332 1700 improbet,
349 1629 377 1681 in
394 1627 443 1682 hoc
455 1627 574 1684 dissentit
589 1645 654 1694 nno,
673 1629 743 1700 quod
753 1629 856 1682 tertiam
868 1628 927 1683 iidei
939 1629 1140 1700 professionem,
1158 1632 1200 1684 cui
1217 1648 1283 1686 cose.

120 1713 200 1768 additi
212 1721 282 1780 sunt,
297 1721 377 1784 negat
387 1715 414 1768 in
427 1713 562 1768 Sirmiensi
573 1715 673 1784 synodo
683 1714 766 1768 inisse
783 1712 931 1769 conflatam.
966 1714 1058 1785 ltaque
1075 1713 1139 1769 duae
1157 1715 1285 1771 duntaxat

120 1800 219 1870 priores
232 1799 315 1853 editae
326 1805 384 1853 tum
395 1815 453 1854 esse
465 1805 565 1865 censet,
578 1815 638 1853 cnm
650 1799 771 1854 adversus
784 1797 922 1854 Photinum
934 1799 1024 1854 Ariani
1036 1807 1219 1856 convenerunt
1235 1802 1284 1856 Po-

120 1891 246 1938 stremam
255 1899 315 1938 raro
327 1885 416 1938 Sirmii
426 1885 499 1938 iiiam
512 1885 616 1954 qnidam
628 1883 732 1950 editam,
744 1884 790 1938 sed
799 1885 829 1938 in
838 1885 945 1938 iomnito
957 1886 1138 1956 episcoporum
1150 1903 1283 1954 concursu,

119 1986 172 2023 non
182 1970 302 2040 legitimo
313 1969 461 2041 indictoque
472 1971 590 2025 concilio.
626 1970 670 2024 Sic
681 1971 750 2024 enim
762 1971 897 2024 existimat
909 1969 936 2023 in
952 1971 998 2023 iiia
1013 1969 1187 2040 predatione,
1204 1989 1283 2044 quam

119 2055 210 2108 Hilarii
221 2055 376 2126 fragmentis
387 2055 522 2126 praefixit,
535 2055 716 2109 Oonsmntium
728 2055 810 2109 literis
822 2055 855 2108 ad
863 2055 1029 2125 homanum
1042 2055 1169 2111 Basiliam
1180 2059 1283 2130 scriptis

118 2140 259 2194 manime
275 2147 305 2194 nt
320 2140 352 2193 de
362 2141 421 2194 loeo
437 2140 570 2211 cogendae
587 2141 680 2210 synodi
697 2157 757 2194 enm
774 2139 948 2194 Orientalibus
966 2139 1125 2196 deliberaret
1154 2141 1205 2196 Sed
1223 2159 1283 2197 cum

118 2225 260 2280 interillos
272 2226 409 2280 convenire
422 2241 474 2279 non
486 2231 588 2297 posset,
606 2225 733 2279 anilium
751 2225 783 2278 ad
799 2225 915 2296 imperat
928 2227 1029 2279 uenisse
1041 2225 1178 2294 Sirmium,
1195 2229 1283 2300 ibique

118 2311 239 2364 Marcum
255 2310 435 2375 Arethnmum,
451 2311 587 2365 Veientem
603 2311 720 2382 aliosque
735 2311 870 2381 reperisse.
905 2309 977 2364 Tune
995 2311 1095 2366 collatis
1112 2313 1239 2384 capitibus
1257 2320 1284 2368 et

118 2397 332 2468 conspirantibus
343 2396 376 2450 ad
387 2397 529 2450 Nicaenam
544 2395 623 2450 fidem
639 2396 802 2450 evertendam
819 2395 913 2450 animia
929 2398 1052 2450 statuisse
1069 2403 1098 2450 ut
1113 2395 1225 2452 Nicaeae
1241 2415 1283 2469 sy-

118 2481 204 2536 nodus
218 2479 363 2536 haberetnr.
397 2481 460 2536 Post
470 2497 530 2536 enm
542 2481 651 2536 eandem
663 2481 752 2536 urbem
764 2487 848 2536 terrae
859 2487 945 2536 motus
957 2481 1108 2548 afflixisset,
1120 2485 1284 2538 statuissent

117 2569 303 2638 episcoporum
318 2581 379 2638 pars
391 2567 549 2633 Ariminum,
565 2583 625 2638 pars
636 2567 783 2621 Seleuciam
800 2583 859 2620 sese
873 2565 1010 2622 conferret.
1033 2568 1071 2622 Ao
1081 2585 1128 2640 per
1138 2569 1207 2622 idem
1218 2575 1282 2624 tem-

118 2669 167 2724 pus
185 2653 278 2707 Sirmii
297 2667 393 2706 nocam
415 2668 446 2706 ao
467 2653 571 2707 tertiam
590 2652 651 2706 fidei
670 2652 809 2706 iormulam
830 2652 950 2706 aldarco
968 2651 1106 2707 Methusio
1123 2653 1205 2708 fuisse
1221 2671 1282 2710 con-

118 2739 258 2810 scriptam,
275 2743 305 2792 nt
321 2753 355 2792 ex
368 2737 493 2794 Germinii
509 2734 631 2808 epistola,
649 2753 716 2808 qnae
732 2738 760 2791 in
777 2737 931 2808 iragmentis
947 2737 1050 2808 legitur,
1067 2737 1189 2795 Nieoians
1199 2738 1283 2794 Faber

11 2857 12 2868 κ
118 2823 250 2879 observat

204 2977 416 3034 insunuans
431 2976 611 3034 marostica
627 2975 845 3032 suessionum
862 2975 999 3032 OMNIUM
1015 2977 1198 3034 NARRATIOI

185 3079 536 3152 hithmignmnsotenua
547 3095 700 3152 peanum
712 3080 846 3144 onnon,
864 3079 898 3134 aa
915 3067 1125 3150 nicaeamque
1143 3081 1280 3136 stantona

97 3166 223 3236 'synodo
234 3166 435 3220 condemnatum
451 3183 509 3220 esse
523 3167 674 3231 Pherinum,
692 3171 719 3218 et
735 3167 789 3220 sire
806 3171 871 3230 tres,
890 3165 944 3218 sive
962 3165 1025 3218 duas
1043 3166 1135 3220 saitem
1152 3166 1214 3221 iidci
1228 3166 1281 3221 ior·

116 3253 208 3306 mulas
220 3268 278 3306 esse
288 3251 426 3323 proiectas.
459 3251 573 3316 Quarum
585 3252 707 3306 aduersus
719 3248 822 3304 Photini
834 3250 957 3320 dogmata
966 3252 1037 3321 prior
1048 3252 1115 3305 edita
1127 3257 1178 3316 est,
1189 3253 1217 3306 in
1229 3269 1282 3324 qua

118 3338 167 3392 deo
178 3355 279 3392 nomen
290 3336 373 3399 οὐσίας
388 3338 542 3391 attributum
559 3345 610 3401 eet,
628 3353 707 3408 quam
725 3352 809 3407 neque
826 3337 954 3401 collaturi,
971 3353 1056 3407 neque
1072 3336 1187 3392 conhahi
1204 3355 1281 3408 posse
1306 3341 1379 3394 ⁹³¹¹-

117 3423 298 3478 decrevsrunt.
334 3421 417 3486 Quam
429 3423 508 3476 etiam
521 3421 619 3476 Graece
631 3423 745 3476 alianto
758 3420 895 3475 Arethusia
908 3422 1029 3492 scriptam
1040 3427 1149 3476 testatur
1160 3423 1280 3478 Socrates

116 3509 162 3564 iib.
173 3525 207 3563 rr.
219 3523 276 3579 cap.
286 3525 346 3563 xxv.
370 3509 457 3561 Altera
473 3507 567 3562 Latino
582 3523 700 3561 sermone
716 3507 823 3572 tradita,
834 3507 954 3572 Valente,
972 3506 1090 3572 Ursatio,
1102 3507 1234 3563 Germinio
1250 3525 1281 3564 ae

117 3595 231 3648 suteris
243 3593 370 3664 episeopis
381 3593 572 3666 praesentibus,
584 3597 614 3646 nt
624 3593 758 3663 inscriptio
769 3593 827 3663 ipsa
837 3593 895 3646 fert.
926 3593 956 3646 ln
968 3608 1021 3663 qua
1032 3592 1114 3654 eicie<
1125 3609 1221 3648 nomen
1232 3609 1280 3649 nec

115 3697 171 3734 non
184 3685 214 3732 et
225 3677 357 3749 bpooeoioa
370 3687 447 3749 atque
460 3676 600 3748 iporoecioe
611 3679 750 3743 vocabula,
768 3677 837 3748 qnod
854 3679 882 3731 in
899 3679 979 3731 sacris
994 3679 1078 3732 literis
1089 3695 1142 3734 non
1154 3685 1281 3749 exteram,

117 3765 261 3818 obliterata
271 3770 334 3818 sunt
344 3771 370 3817 et
380 3765 408 3817 in
419 3769 571 3834 perpetuum
583 3765 733 3834 proscripta
750 3763 818 3816 Nam
830 3762 861 3816 de
872 3763 948 3816 tertis
958 3763 1058 3830 merito,
1069 3769 1100 3817 nt
1109 3771 1200 3836 postea
1210 3767 1280 3819 ride·

116 3851 216 3915 bimus,
228 3847 350 3904 Nicolaus
359 3849 442 3903 Faber
452 3854 590 3920 repugnat,
602 3865 680 3919 quam
692 3849 736 3904 aiii
747 3847 838 3902 eadem
849 3849 893 3901 ilia
903 3849 930 3901 in
940 3848 1039 3918 synodo
1049 3855 1140 3919 putant
1151 3867 1208 3903 sese
1219 3866 1278 3905 con-

117 3936 255 4006 scriptam.
283 3935 355 3988 iiano
367 3934 489 4000 Socratis,
502 3933 647 3998 Soaomeni,
659 3935 828 4003 aliorumque,
841 3941 869 3987 ut
879 3949 942 3986 mox
954 3935 1090 3999 constabit,
1101 3932 1278 3990 hallucinatio-

34 4089 37 4097 Δ
116 4037 181 4074 nem
193 4020 270 4074 noris
282 4021 411 4074 erroribus
422 4019 577 4074 recentiores
588 4017 703 4072 historici
715 4019 886 4072 cumularunt.
912 4017 1025 4081 Quorum
1037 4035 1090 4072 non
1101 4019 1224 4073 minimus
1235 4021 1278 4074 ille

119 4113 173 4172 est,
191 4105 262 4176 qnod
273 4106 438 4175 Aneyranam
452 4105 671 4158 Samiarianomm
687 4103 829 4173 synodum,
846 4119 913 4173 quae
931 4103 1053 4156 adversm
1070 4104 1209 4158 secundem
1225 4105 1278 4159 Sir·

117 4193 250 4246 miensem
265 4191 404 4244 iormuiam
418 4189 507 4244 habita
524 4193 575 4254 est,
590 4189 617 4241 in
634 4189 745 4242 eundem
762 4204 859 4242 annam
877 4188 1027 4254 coniciunt,
1043 4205 1095 4258 quo
1111 4205 1128 4242 a
1144 4189 1279 4244 Sirmiensi

118 4277 233 4330 concilio
245 4277 383 4330 dunnatna
395 4281 436 4330 eat
445 4275 577 4338 Photinus,
590 4289 681 4344 nempe
693 4271 788 4327 christi
800 4287 915 4328 coenrrr.
939 4273 1035 4326 Verum
1050 4291 1098 4327 noe
1115 4291 1148 4328 ex
1164 4275 1277 4346 antiquis

117 4362 240 4434 patribus
251 4362 363 4432 primum
375 4361 438 4415 illud
450 4361 550 4415 odorati
558 4375 660 4424 sumus,
672 4364 725 4412 tres
737 4358 841 4411 omnino
851 4361 992 4411 conventus
1001 4359 1180 4429 episcoporum
1188 4361 1278 4415 eodem

118 4449 148 4501 iu
160 4447 300 4502 Sirmiensi
311 4445 417 4517 oppido,
435 4463 488 4501 non
504 4445 596 4500 iisdem
607 4443 766 4515 temporibus
777 4443 919 4496 celebratos
928 4443 1018 4498 inisse.
1053 4443 1168 4508 Quorum
1178 4446 1277 4517 primns

120 4533 264 4603 synodicas
276 4538 301 4585 et
312 4531 425 4585 indictus
437 4532 493 4598 init,
506 4547 566 4586 cnm
577 4531 699 4584 adversus
710 4527 847 4582 Photinnm
858 4529 1020 4599 imperatoris
1031 4519 1112 4584 literis
1128 4531 1203 4584 acciti
1217 4535 1279 4584 snnt

118 4619 252 4689 episcopi,
266 4619 360 4688 reliqui
375 4617 427 4672 diro
443 4617 543 4672 iortniti
553 4617 710 4686 minimeque
725 4614 891 4668 colendorum
907 4613 965 4668 ioco
981 4629 1012 4670 ac
1027 4616 1133 4670 nomine
1149 4615 1278 4681 censendi,

953 4717 1078 4772 08⁸
