3274 5154
1226 341 1300 398 cccl

146 509 207 565 rint,
224 519 314 554 uanus
332 511 427 555 tantum
445 505 481 555 eis
497 505 666 572 imponantur,
683 507 712 553 ut
726 502 859 570 accspiant
877 503 981 569 spirtum
998 507 1119 554 sanctum.
1146 497 1301 567 AtAugust.

145 587 187 641 lih
196 605 236 642 ιιι.
249 587 281 641 ds
292 586 368 658 Bapt.
384 593 474 641 conus
490 587 640 640 Donatistae
656 602 712 657 cap.
723 604 778 639 su:
804 585 969 660 Quamobrem
985 589 1009 636 si
1026 586 1190 652 eranqelicis,
1208 585 1301 654 inquit,

145 673 228 724 serbis
237 677 265 725 in
277 679 374 726 nomine
381 677 469 743 patris
481 675 563 743 etyiiii
574 683 599 726 et
608 676 714 742 epirims
725 676 810 724 sancti
821 671 941 722 Marcion
956 671 1104 740 baptiernurn
1127 671 1302 733 consecrabat,

143 763 267 827 inteprusn
279 767 339 810 erat
347 768 546 823 sacramentum,
563 763 676 828 ηνσικυίο
693 759 818 826 eiuefides
829 757 873 808 nub
886 759 975 810 eisdem
987 756 1070 807 certis
1082 757 1155 807 aliud
1164 759 1301 824 opinaturis,

144 861 217 911 quam
236 843 366 895 cattlolica
383 848 480 896 ceritas
497 846 581 907 docet,
602 861 649 896 nou
670 852 734 894 esset
753 846 866 910 inteqra,
887 843 933 894 scd
942 843 1071 910 sabulosis
1081 841 1244 909 falsitatibus
1262 844 1301 891 in·

144 931 260 998 quinutu.
284 927 355 980 Nan
366 930 410 980 sall
422 931 514 981 eisdem
524 927 621 993 verbis,
638 931 667 980 id
680 931 754 980 estin
766 931 862 980 nominoe
870 931 957 996 patris
968 937 992 980 et
996 929 1050 996 filii
1060 935 1085 978 et
1094 930 1199 996 spiritus
1210 929 1301 989 sancti,

144 1015 279 1066 nonsoturn
290 1013 423 1077 Marcion,
442 1023 487 1066 out
501 1013 660 1077 Valentinus,
677 1021 724 1065 aut
733 1013 827 1076 Arius,
844 1021 890 1064 aut
900 1012 1047 1076 Eurmmius,
1064 1014 1110 1064 sed
1119 1015 1171 1081 ipsi
1182 1012 1302 1063 carnales

141 1100 249 1168 paruuli
259 1101 395 1162 ecclesiae,
415 1101 446 1151 de
457 1101 544 1168 quibua
555 1100 657 1152 dicebat
668 1099 808 1168 apostolus:
826 1117 873 1150 non
883 1101 955 1166 potui
966 1099 1032 1166 loqui
1042 1098 1123 1160 nohis,
1141 1101 1216 1166 quasi
1226 1100 1302 1166 spiri·

145 1185 249 1248 talibus,
262 1187 309 1236 sed
319 1189 393 1254 quasi
404 1185 565 1248 carnalibus,
576 1189 600 1236 ei
607 1194 710 1254 possent
720 1185 815 1252 sinquli
826 1183 961 1250 diliqenter
972 1187 1140 1250 interroqarn',
1152 1192 1187 1234 tot
1198 1185 1302 1235 diuersi·

145 1277 208 1322 tates
219 1273 363 1339 opira'onunn
369 1273 504 1338 fortassis,
517 1279 575 1340 quot
585 1269 695 1323 homines
706 1277 904 1322 numerarentur.
937 1266 1069 1320 Postremo
1081 1267 1193 1320 Basilius
1205 1268 1232 1320 iu
1243 1267 1303 1337 Epi-

144 1355 210 1408 stola
220 1355 255 1407 sd
266 1353 473 1424 Amphilochium
485 1353 548 1410 Gan.
559 1373 640 1408 xuvrr.
652 1353 810 1419 llnoratitas,
823 1351 1000 1423 Saccophoros
1012 1359 1038 1406 ot
1046 1353 1206 1422 apotactitas
1218 1353 1303 1406 denuo

145 1439 315 1510 baptizandos
327 1455 384 1493 osse
397 1447 485 1494 censet
495 1442 550 1510 ipso
563 1440 675 1510 qnidam.
710 1439 756 1492 Sin
769 1445 820 1504 est,
835 1445 864 1491 ut
875 1437 1083 1508 Amphilochius,
1094 1438 1199 1509 perinde
1210 1455 1240 1491 ac
1252 1439 1304 1491 llo·

143 1527 227 1589 mani,
243 1523 383 1595 οἰκονομίας
396 1525 459 1586 τινὀς
472 1525 552 1594 ἕνεκα,
569 1525 599 1577 τ“ο
610 1529 655 1577 τοῦ
667 1523 853 1594 ἀναβακτισμοῦ
864 1529 982 1594 respuat,
999 1521 1166 1577 nlhilomiuus
1177 1524 1303 1578 rationem

144 1627 219 1664 sum
230 1611 319 1664 volero
330 1612 491 1681 pronunciat
514 1610 571 1675 Qua
583 1611 614 1664 do
626 1627 652 1663 re
664 1609 758 1680 synodi
769 1610 901 1664 decretum
913 1609 1111 1680 expectandum.
1135 1609 1206 1662 ltlom
1218 1615 1304 1662 autem

145 1695 205 1748 Gan.
216 1714 235 1750 n.
248 1713 279 1749 oo
291 1696 449 1768 propendere
460 1697 560 1750 videtur
577 1703 607 1748 ut
623 1695 766 1750 haereticos
785 1712 875 1748 amnon
892 1697 984 1748 iterato
1002 1695 1170 1766 baptizandos
1187 1711 1245 1747 osse
1262 1695 1304 1747 de·

144 1787 242 1835 cernat.
263 1780 330 1834 llam
343 1781 481 1834 aliudesse
494 1782 556 1835 dicit
566 1780 693 1847 haeresin,
705 1781 776 1834 aliud
787 1779 905 1846 schisma,
919 1780 988 1833 alind
999 1781 1218 1851 παρασυνογωγην.
1238 1779 1305 1833 Hae·

142 1867 207 1919 rosis
220 1872 263 1918 ost
275 1881 342 1936 quae
355 1867 512 1921 contrarium
523 1867 636 1937 aliquem
649 1867 709 1920 fidoi
721 1873 807 1920 tuetur
819 1883 939 1919 orrorom.
969 1864 1087 1919 Schisma
1096 1881 1158 1919 vero
1170 1864 1305 1918 dissidium

144 1956 183 2003 ost
201 1952 236 2004 ob
254 1953 445 2006 ecclesiasticas
464 1953 589 2022 quaedam
610 1953 797 2006 controversias
816 1957 944 2004 exortum.
968 1952 1002 2004 st
1018 1951 1228 2021 καραουναηογη,
1245 1967 1305 2004 cum

144 2042 314 2090 contumaces
326 2038 470 2107 presbytori
481 2045 527 2091 aut
538 2039 664 2108 episcopi,
681 2045 727 2091 aut
741 2039 819 2090 otiam
831 2037 889 2090 laici
900 2053 952 2090 non
964 2037 1093 2106 legitimos
1105 2041 1248 2090 convontus
1260 2035 1306 2088 hu·

143 2122 213 2174 hunt.
239 2120 295 2174 lam
307 2123 352 2192 qui
364 2139 397 2175 ex
409 2121 547 2176 schismate
564 2129 609 2176 aut
621 2127 820 2193 καραουναγωγῇ
832 2122 864 2175 ad
877 2122 1011 2175 ecclesiam
1023 2127 1193 2188 revertuntur,
1205 2139 1239 2175 ox
1250 2137 1305 2174 mu·

144 2208 229 2260 iorum
241 2207 380 2260 auditione
392 2207 447 2260 sino
460 2209 589 2279 baptismo
601 2207 761 2278 recipiendos
774 2223 831 2260 osse
844 2207 940 2262 definit.
964 2207 1111 2260 Haereticos
1122 2213 1210 2260 autem
1221 2208 1305 2260 denuo

144 2291 324 2362 baptizandos.
343 2292 510 2363 Quanquam,
521 2293 619 2364 inquit,
632 2293 776 2364 Cyprianus
789 2299 814 2346 et
822 2291 986 2346 Firmrlianus
998 2309 1087 2346 omnes
1099 2291 1306 2346 tsmhaoreticos

145 2393 224 2447 quarn
240 2376 421 2432 schismaticos
436 2379 632 2449 rebaptizandos
650 2395 707 2432 esse
724 2383 890 2444 censuerant,
908 2379 989 2448 qnod,
1008 2392 1067 2432 cum
1085 2395 1113 2431 se
1131 2379 1164 2432 ab
1182 2379 1306 2432 ecclesiae

145 2466 333 2516 communione
344 2465 513 2529 seiunxerint,
524 2467 667 2535 interrupta
679 2465 751 2518 sitin
762 2465 814 2518 illis
826 2463 932 2535 spiritus
944 2465 1027 2517 sancti
1039 2465 1135 2534 gratia,
1147 2481 1195 2518 neo
1210 2479 1268 2518 eam
1279 2466 1307 2518 iu

145 2554 263 2602 οκυίοκοο
282 2550 393 2620 amplius
411 2550 511 2620 possint
526 2551 715 2604 ususinndore.
751 2550 794 2601 Alb
813 2548 846 2610 ὡς
862 2548 929 2620 παρὰ
944 2549 1036 2600 λαϊκῶν
1049 2549 1238 2620 βαπτιζομένους
1249 2549 1306 2610 τοὺς

146 2632 203 2702 παρ’
216 2633 301 2686 αὐτῶν
313 2631 441 2686 ἐκέλευσαν
452 2633 598 2706 ἐρχομένους
610 2633 649 2687 int
660 2635 703 2702 τὴν
718 2632 848 2700 ἰκκλησίαν
865 2639 902 2704 τῷ
921 2631 1027 2701 ἃληθινῶ
1045 2634 1195 2706 βαπτίσματι
1212 2639 1248 2706 τῷ
1266 2637 1307 2701 τῆς

144 2715 277 2785 ἐκκλησίας
295 2717 506 2790 ἀνακαθαίρεσθαι
536 2721 677 2792 Propterea
688 2726 727 2774 sic
738 2722 796 2775 illos
809 2731 927 2790 tanquam
940 2741 957 2773 a
969 2723 1046 2773 laicis
1057 2721 1209 2790 baptisatus,
1228 2723 1307 2774 derruo
1332 2743 1354 2781 o.
1363 2731 1407 2776 141.

144 2809 284 2868 morunt,
302 2823 357 2856 cuns
375 2808 412 2858 ad
427 2808 559 2859 ecclesiam
576 2809 701 2872 redirent,
718 2823 777 2859 ocra
795 2809 917 2862 ecclesiae
929 2807 1051 2875 baptismo
1062 2811 1208 2875 repurpari.
1242 2807 1306 2860 Mox

144 2891 260 2955 subiicit,
272 2888 371 2957 Ἐπειδὴ
381 2890 407 2942 tl
416 2889 481 2952 ὃλως
493 2888 561 2953 ituit
571 2909 618 2944 τισι
626 2893 675 2944 τῶν
685 2889 748 2944 κατὰ
756 2891 799 2958 τὴν
809 2889 898 2960 Ἀσίαν,
911 2889 1049 2960 οἰκονομίας
1060 2890 1128 2942 ἕνεκα
1137 2893 1186 2942 τῶν
1195 2889 1306 2955 πολλῶν,

144 2975 264 3046 δεχθῆναι
277 2975 398 3027 αὐτῶντὸ
411 2975 547 3047 βάπτισμα,
560 2975 623 3028 ἔστω
636 2978 733 3029 δεκτόνῑ
749 2977 872 3039 Quoniam
884 2985 966 3028 autern
975 2977 1083 3028 Asianis
1091 2977 1237 3044 quibusdam
1246 2978 1306 3046 plo·

145 3065 210 3124 cuit,
223 3066 305 3131 pacis
317 3079 349 3113 oc
362 3065 513 3115 concordiae
522 3067 613 3131 qratia
624 3065 654 3115 id
664 3067 759 3116 remitti
768 3072 894 3132 oportere,
911 3071 1031 3114 uteorum
1043 3062 1169 3130 baptisma
1181 3065 1306 3132 recipere-

145 3157 193 3210 tur,
206 3157 260 3199 esto
272 3157 405 3216 receptum.
426 3147 478 3200 Sed
489 3147 633 3200 Euoratitas
645 3148 840 3218 rebaptizandos
853 3163 910 3200 osse
921 3147 1074 3200 nominatim
1086 3147 1188 3199 statuit:
1200 3145 1240 3198 tto
1252 3146 1306 3216 μίν-

144 3245 183 3283 τοι
194 3229 277 3302 μίλλη
290 3236 319 3302 τῇ
330 3231 439 3284 καθόλου
452 3229 578 3303 οἰκονομίᾳ
589 3231 706 3303 ἐμπόδιον
717 3229 812 3285 ἔσεσθαι
824 3237 910 3300 τοῦτο,
928 3229 1001 3283 πάλιν
1015 3233 1053 3300 τῷ
1071 3228 1117 3282 ἔθει
1128 3231 1249 3301 χρηστέον
1267 3231 1307 3282 καί

145 3319 198 3377 τοῖς
216 3314 393 3386 οἰκονομησασι
409 3316 439 3370 τὰ
453 3315 507 3368 καθ’
518 3315 582 3388 ἡμᾶς
599 3315 717 3388 πατράσιν
735 3315 925 3382 ἁκολουθητίονε
949 3317 995 3369 Sin
1007 3326 1044 3369 est
1053 3327 1080 3369 ut
1090 3318 1251 3368 iteratusille
1263 3317 1306 3369 ba·

141 3407 258 3473 ptismm
269 3407 335 3472 paci
349 3403 473 3456 ecclesiae
489 3405 751 3473 administrationique
768 3405 842 3466 obsit,
860 3405 944 3455 altera
955 3403 1002 3454 ι’ίίο
1016 3405 1164 3455 consuetudo
1179 3405 1308 3455 omittendi

146 3489 272 3558 baptisari
281 3491 428 3542 retineatur.
463 3487 533 3541 llaec
549 3489 654 3542 uberim
672 3505 707 3541 ox
724 3489 825 3541 decreto
842 3489 887 3540 illo
899 3487 992 3540 Basilii
1008 3503 1211 3541 commemorare
1221 3489 1307 3542 nisum

146 3579 201 3639 ost,
220 3573 290 3643 quod
302 3575 384 3626 mults
394 3574 422 3626 in
434 3589 464 3626 eo
475 3573 596 3638 mirilico,
614 3581 651 3639 ot,
669 3575 692 3626 si
706 3589 797 3627 verum
814 3574 977 3643 quaerimus,
995 3589 1088 3643 parum
1105 3572 1231 3627 catholica
1247 3589 1309 3626 con·

145 3661 275 3713 tinuatur.
292 3658 358 3712 llam
367 3659 436 3729 quod
445 3659 650 3728 rebaptizandos,
662 3661 685 3712 si
696 3661 751 3712 sino
761 3659 882 3712 scandalo
894 3659 951 3712 fiori
962 3660 1053 3729 possit,
1063 3658 1206 3712 haereticos
1218 3675 1308 3713 omnes

146 3744 282 3799 affirmare
293 3744 400 3810 videtur,
418 3745 537 3814 quodquo
554 3745 609 3797 sine
627 3746 757 3814 baptismo
773 3743 912 3814 plerosquo
929 3744 1088 3815 recipiendos
1106 3745 1139 3798 ob
1157 3761 1215 3798 eam
1230 3761 1309 3798 uuam

148 3845 272 3884 caussam
288 3829 432 3894 aistimat,
450 3831 512 3899 quia
528 3829 642 3900 idipsum
657 3827 795 3900 οἰκονομίας
808 3827 877 3881 ἕνεκα
888 3829 946 3882 fiori
956 3831 1065 3900 placuit,
1081 3847 1175 3900 parum
1192 3847 1251 3883 cum
1268 3847 1309 3883 ec·

148 3915 298 3969 elosiastico
309 3915 430 3986 dogmate
443 3914 570 3968 convenit.
605 3915 679 3978 Quod
691 3915 796 3985 quidem
807 3913 996 3969 haereticorum
1007 3916 1165 3985 baptismum
1177 3932 1210 3968 ox
1222 3915 1309 3969 catho-

148 4001 200 4056 lico
212 4003 266 4054 ritu
278 4016 309 4052 ac
320 4001 476 4071 praescripto
488 4006 638 4071 susceptum
649 4002 788 4070 approbat,
799 4017 848 4054 nec
860 4001 945 4054 iterari
957 4001 1009 4053 ullo
1022 4000 1099 4054 modo
1110 4003 1215 4071 patitur.
1236 4000 1309 4064 Quod

150 4088 174 4140 si
184 4087 262 4140 alitor
271 4102 350 4156 quam
359 4088 423 4140 utin
432 4086 542 4140 ccclesia
549 4091 682 4156 receptum
694 4091 741 4152 ost,
753 4084 802 4140 hoa
811 4092 851 4139 ost
859 4103 892 4140 ex
901 4086 1019 4156 legitima
1027 4085 1152 4152 formula,
1164 4087 1308 4156 baptismus

149 4189 204 4226 uon
216 4171 296 4225 modo
308 4173 341 4224 ab
353 4171 500 4236 haereticis,
512 4171 607 4224 sedvel
618 4172 682 4242 ipsis
694 4171 828 4225 catholicis
840 4171 974 4235 tribuatur,
987 4171 1058 4224 nulla
1066 4173 1137 4242 pacis
1147 4171 1309 4226 concordiae·

151 4273 202 4328 quo
215 4257 302 4328 specio
313 4261 398 4327 potest
409 4255 501 4309 adduci
512 4261 541 4308 ut
553 4257 617 4309 citra
628 4272 726 4310 nonum
736 4255 895 4327 baptismum
908 4257 1056 4326 quampiam
1068 4256 1194 4313 admittat.
1225 4255 1310 4322 Quare

151 4343 184 4396 ds
194 4341 336 4396 Enmtitis
347 4357 438 4412 parum
450 4347 625 4396 consentaneo
640 4343 720 4395 sentit
729 4341 855 4406 Basilius,
872 4347 902 4394 ut
917 4347 944 4394 ot
959 4341 1101 4412 Cyprianus
1116 4343 1192 4408 olim,
1208 4345 1265 4414 qui,
1281 4351 1312 4397 ut

151 4429 317 4498 Augustinus
328 4427 451 4481 advorsus
463 4427 613 4481 Donatistae
630 4428 733 4498 saepius
749 4427 875 4492 inculcat,
892 4429 1041 4497 praesertim
1057 4427 1123 4481 libro
1135 4443 1164 4483 ιι.
1181 4435 1208 4482 ot
1223 4447 1261 4484 m.
1279 4429 1311 4482 ds

152 4511 303 4585 Baptismo,
325 4513 428 4567 amasi
444 4513 546 4568 nullum
563 4529 620 4566 osse
636 4513 796 4583 baptismum
814 4512 1001 4566 ἰιυοιοίίουτιιιιι
1015 4519 1144 4579 conseret,
1161 4521 1249 4569 umen
1266 4515 1311 4587 qui

153 4599 307 4670 robapunri
318 4599 429 4664 nohont,
447 4599 480 4653 ab
492 4598 617 4653 ecclesiae
628 4600 810 4654 communione
826 4613 990 4669 nequaquam
1005 4598 1063 4652 ideo
1080 4601 1241 4670 repellendos
1252 4617 1311 4655 con·
