3252 5158
1147 364 1282 422 CLXXIX

125 523 193 582 νοῦς
201 520 343 587 duntaxat,
354 537 408 576 nou
416 519 521 592 politico
533 535 595 586 usu3
607 520 750 576 secuudum
759 535 849 590 quem,
861 520 884 574 ei
895 519 980 574 minus
988 519 1030 574 blo
1042 519 1132 590 cyclus
1143 525 1284 594 usurpatus
1382 571 1384 578 .

123 605 211 672 inerit,
227 605 307 660 borae
322 607 382 661 illae
393 625 430 664 ον.
441 605 596 677 appendices
608 605 637 660 iu
647 605 728 660 tinem
739 606 807 674 cycli
817 605 927 660 reiectae
939 611 1008 660 sunt
1043 606 1133 677 ltaque
1150 624 1209 662 cum
1225 615 1286 678 post

124 692 223 760 cyclum
233 693 352 746 lunarem
363 710 408 746 xrv
419 707 559 757 annorum,
576 691 608 746 de
625 691 687 745 solis
699 691 843 745 redonibus
861 691 976 762 quinque
988 691 1056 758 diss„
1074 691 1152 746 borae
1170 697 1227 746 octo
1245 709 1284 746 re·

123 777 206 848 liques
217 777 316 845 iurent,
332 778 446 850 quinque
462 777 517 832 dies
529 776 657 832 duntaxat
669 793 806 848 superesse
817 777 868 830 sibi
879 783 1075 847 persuascraut;
1092 778 1186 848 quibus
1202 794 1284 832 reser-

122 863 186 916 vatis
193 869 255 934 post
262 864 350 934 cyclos
361 865 474 918 minores
487 869 592 918 sextum
603 879 721 916 mensem
731 861 844 916 solidum
856 863 1052 919 intercalabant.
1069 862 1109 917 lta
1120 863 1175 930 dics
1185 863 1286 918 fiebant

123 947 212 1002 30679.
235 948 352 1013 Quorum
364 947 503 1018 οἰκονομίαν
515 954 594 1020 typus
605 950 649 1002 ille
661 955 740 1002 autea
750 948 899 1018 propositus
912 949 1033 1003 ostendit.

186 1035 277 1088 Altera
286 1036 364 1090 ratius
382 1035 405 1090 si
422 1035 536 1106 quinque
548 1035 602 1088 dies
615 1033 691 1089 solidi
702 1051 736 1088 ex
748 1033 818 1088 buris
831 1040 888 1088 octo
901 1033 1062 1090 condatino
1074 1035 1150 1088 annis
1162 1049 1284 1106 arrogen-

122 1123 169 1172 tur.
187 1119 259 1184 Quae
271 1121 360 1176 omnia
369 1120 506 1192 diligenter
516 1119 598 1176 habes
610 1121 740 1192 explicata
751 1120 878 1192 superius.
896 1118 947 1174 Ubi
959 1125 1030 1174 etex
1040 1127 1150 1192 utraque
1161 1119 1283 1176 methodo

121 1203 258 1276 Epiphsuii
268 1207 350 1260 verba
360 1207 528 1260 correximus.

187 1291 239 1344 Τοῦ
252 1285 423 1362 ὄγδοηκοοτοῦ
435 1288 551 1362 τετάρτου
564 1288 652 1360 irone]
686 1292 804 1346 Mensem
819 1292 895 1346 illum
912 1291 1081 1346 embolimum
1098 1309 1170 1346 xxxa.
1183 1307 1243 1346 uum
1257 1292 1285 1346 iu
1310 1299 1384 1354 utut.

122 1374 172 1430 tine
183 1393 292 1432 cxxxiv.
306 1378 369 1432 anui
379 1377 527 1434 intercalari
538 1377 667 1442 debuerit,
683 1378 711 1430 in
726 1377 859 1448 sequentis
871 1379 938 1446 cycli
948 1379 1063 1448 primum
1082 1395 1180 1432 aunum
1195 1378 1287 1432 cuniici

123 1459 195 1514 ducet
205 1460 375 1534 Epiphanius.
405 1463 486 1533 Atqui
502 1463 745 1517 tesseracaedeuait.
757 1469 904 1534 postremus
921 1479 1005 1518 annus
1015 1465 1120 1536 propriu
1132 1465 1185 1518 iam
1197 1464 1285 1518 embo-

122 1545 181 1600 limo
192 1548 325 1619 praeditus
338 1553 385 1602 eet.
416 1548 474 1602 Duo
487 1549 567 1618 igitur
578 1548 744 1602 embolimaei
755 1563 813 1602 sese
825 1549 944 1619 proxime
954 1556 1104 1620 aequentur.
1136 1548 1211 1614 Quod
1222 1550 1284 1604 olim

121 1630 216 1686 hatum
228 1649 286 1688 csse
297 1634 473 1688 Hebraeorum
486 1633 603 1688 doctores
615 1641 743 1688 asserunt.
766 1633 823 1688 Imo
835 1651 896 1688 uero
912 1651 1016 1690 menses
1027 1636 1078 1706 ipsi
1089 1636 1222 1690 embolimi
1233 1635 1283 1690 duo

122 1717 195 1772 simul
206 1719 415 1785 inculcabuntur,
427 1725 554 1790 eruntque
566 1720 616 1772 tria
624 1719 738 1774 uiderim.
756 1718 808 1772 Sed
820 1720 910 1773 tertius
923 1722 986 1774 suni
997 1739 1094 1776 xxxxv.
1107 1722 1211 1776 initium
1223 1722 1284 1786 erit;

122 1819 152 1856 ue
164 1803 280 1859 silliaco
296 1823 343 1876 pro
355 1805 425 1858 ddar
441 1804 621 1870 substituatur,
638 1805 738 1876 epocha
752 1805 842 1859 relicta
857 1807 996 1859 neomenia
1010 1806 1038 1860 iu
1054 1807 1184 1860 anteriora
1198 1807 1284 1860 laxius

122 1896 252 1960 evagetur.
286 1891 325 1944 De
341 1891 441 1944 duobus
458 1891 637 1945 embolimaeis
653 1891 773 1961 proxime
793 1892 1012 1962 consequentibns
1032 1891 1128 1946 iatetrrr
1144 1893 1284 1963 Keplerus;

121 1976 260 2044 posterius,
273 1975 304 2030 de
315 1977 398 2030 tribus
409 1976 516 2030 Adarim
526 1974 604 2029 obiici
615 1981 709 2046 potest.
728 1975 780 2029 Sed
791 1984 928 2047 utrumque
941 1993 976 2030 ex
985 1977 1109 2032 laterculo
1121 1986 1147 2032 et
1158 1977 1286 2048 superiori

121 2059 292 2132 disputatione
304 2061 513 2116 commodissime
525 2061 681 2116 dissolvitur.
702 2061 769 2115 llam
781 2062 852 2115 ahud
863 2069 903 2116 est
915 2063 1202 2117 tessarcsdecaeteridas
1214 2079 1285 2118 seur·

122 2146 169 2200 sins
180 2162 211 2200 sc
222 2153 358 2218 separatas
369 2148 477 2211 intueri,
490 2146 559 2200 aliud
572 2148 599 2200 iu
611 2148 709 2201 maiore
721 2149 794 2218 cyclo
806 2154 881 2218 aptas
893 2148 1005 2201 invicem
1024 2155 1050 2202 et
1061 2157 1202 2204 couscrtas.
1235 2149 1284 2202 lli·

121 2247 194 2286 nores
206 2233 275 2302 cycli
285 2233 383 2304 singuli
393 2249 439 2303 per
450 2248 508 2286 sese
519 2250 536 2284 ν
547 2249 651 2286 meuses
664 2232 818 2288 embolimus
830 2235 858 2287 iu
869 2251 909 2289 111.
923 2251 957 2288 vr.
968 2251 1024 2289 vrrr.
1037 2252 1073 2290 xr.
1086 2253 1139 2290 xrv.
1152 2235 1226 2288 anuis
1238 2251 1283 2306 po·

122 2317 229 2384 emmo
245 2317 292 2373 sed
306 2318 334 2372 in
350 2319 475 2374 cuntium
491 2318 558 2372 serie
573 2323 601 2372 et
615 2319 643 2372 in
657 2319 756 2372 maiore
768 2320 840 2387 cyclo
852 2335 905 2374 non
917 2335 1020 2390 semper
1031 2337 1084 2374 xrv.
1097 2321 1284 2375 embolimaeus
1386 2313 1390 2322 '

121 2411 166 2460 sat.
201 2403 276 2458 Unde
287 2420 372 2476 nsque
384 2403 448 2458 duos
460 2402 567 2458 Admim
578 2403 671 2474 exigit.
706 2403 855 2458 Postremus
867 2421 928 2458 vero
940 2405 1026 2458 ultimi
1042 2407 1110 2475 cycli
1125 2421 1222 2472 annus,
1239 2406 1285 2477 qui

122 2493 160 2542 est
179 2507 297 2556 uxxxrv.,
317 2489 386 2543 Adar
402 2488 508 2560 quidem
523 2490 634 2543 alterum
651 2489 702 2544 sibi
712 2489 848 2554 vendicat;
868 2506 899 2544 eo
920 2489 989 2561 quod
1006 2492 1104 2546 mensis
1120 2492 1145 2544 ei
1160 2509 1233 2546 xxxr.
1250 2507 1285 2546 ex

121 2577 216 2646 epactis
227 2576 360 2645 cyclorum
371 2575 506 2639 accrescit,
518 2573 677 2646 proindeque
689 2593 717 2630 vr
727 2575 913 2630 embolimaeos
925 2575 1020 2629 habere
1031 2576 1119 2642 debet,
1131 2585 1161 2630 ut
1172 2593 1231 2632 cum
1242 2593 1284 2632 su·

121 2657 167 2714 lari
182 2675 252 2716 auno
270 2669 401 2731 utcunque
418 2660 516 2714 innuis
534 2660 700 2732 adaequetur.
725 2660 822 2714 Verum
838 2669 913 2715 autor
924 2667 965 2714 est
975 2661 1136 2733 Epiphanius
1147 2663 1174 2716 in
1187 2681 1283 2720 oxus.

122 2760 217 2800 sunum
228 2762 346 2800 mensem
357 2746 432 2800 illum
444 2762 502 2800 csse
514 2745 636 2810 dilatum;
648 2747 693 2816 qui
704 2761 764 2800 cum
775 2763 864 2800 resera
876 2748 911 2800 sit
921 2746 999 2810 hdsr,
1011 2745 1092 2802 Nisan
1103 2763 1120 2800 a
1130 2747 1243 2813 ludaeis,
1255 2754 1286 2803 ut

122 2831 218 2900 opinor,
236 2837 277 2885 est
286 2831 379 2886 iactus.
402 2830 465 2886 lude
475 2831 587 2896 accedit,
601 2840 631 2885 ut
642 2830 768 2902 epocham
780 2833 841 2886 anui
853 2833 895 2886 eui
907 2833 1105 2898 subverterint,
1117 2841 1144 2886 et
1154 2833 1182 2888 iu
1193 2833 1284 2888 eodem

121 2931 187 2971 auno
200 2915 242 2971 bis
252 2915 350 2987 pascha
360 2917 552 2972 celebraverint.
576 2915 651 2981 Quod
664 2917 791 2970 uberrime
802 2925 878 2971 autea
889 2917 1049 2970 declaratum
1061 2925 1108 2971 est.

185 3001 218 3057 Oi
229 3019 288 3063 τινες
300 3001 405 3072 ὤφειλον
418 2996 496 3071 sicut]
530 3002 654 3057 Mundum
670 3001 711 3054 hic
728 3017 786 3056 esse
802 3008 829 3054 et
845 3001 950 3072 quidem
961 3002 1058 3074 duplex
1075 3004 1209 3074 superiora
1219 3007 1283 3060 satis
1312 3055 1313 3060 ,
1338 3031 1341 3038 ·

122 3087 266 3142 ostendunt.
278 3087 403 3155 ¹Primum
415 3087 545 3160 spudasius
557 3091 627 3157 μῆνες
639 3087 790 3158 legendum,
806 3104 860 3142 uun
871 3088 1033 3157 rprcsosroslc
1046 3089 1101 3158 pals.
1127 3089 1224 3143 Deinde
1235 3091 1283 3146 iul·

122 3189 178 3227 sum
189 3179 232 3228 est
242 3189 322 3244 supra
333 3191 387 3229 xxx
398 3189 502 3228 meuses
514 3174 627 3244 reliquos
639 3187 696 3226 esse
709 3172 764 3226 dies
775 3190 846 3228 xxrv.
863 3171 941 3226 horas
952 3191 988 3226 vr.
1011 3175 1116 3245 Alioqui
1128 3191 1161 3229 err
1173 3183 1282 3230 tessara·

122 3257 215 3314 decuit
232 3259 333 3314 Iuliana
349 3259 449 3314 diemm
460 3257 535 3314 5113.
555 3258 598 3324 1‘2,
618 3259 729 3330 relinqui
744 3258 924 3313 tantummodo
942 3258 997 3312 dies
1014 3267 1145 3330 oporteret
1164 3269 1282 3332 quatuor,

121 3342 209 3400 heram
221 3361 315 3411 mam,
328 3353 447 3416 essetque
456 3345 555 3398 lunaris
565 3345 762 3398 tessaradecait
772 3344 872 3398 dierum
880 3343 956 3399 5109.
969 3345 1017 3409 ll.,
1028 3347 1151 3417 syzygiae
1163 3349 1283 3420 singulae

121 3429 159 3484 29.
173 3431 213 3488 12.
227 3431 260 3485 19
267 3431 282 3484 ’.
293 3429 435 3501 diffisus.
470 3431 562 3484 Antei
579 3431 610 3484 de
622 3449 675 3486 xrv.
683 3430 791 3484 Iulianis
807 3432 882 3484 suuis
898 3430 1047 3484 eximantur
1063 3431 1141 3486 burae
1158 3434 1236 3505 duae,
1253 3441 1284 3490 ut

121 3517 238 3570 sinidies
249 3515 324 3570 5113.
340 3516 388 3581 10.
405 3515 614 3581 tessaradecait„
630 3517 734 3570 lunares
750 3516 871 3586 singulae
887 3515 942 3569 dise
959 3514 1093 3572 habebunt
1104 3517 1179 3573 5109.
1191 3521 1223 3586 9.,
1239 3537 1281 3591 ey·

122 3603 212 3673 appiae
225 3601 267 3657 29.
283 3600 321 3655 12.
332 3599 387 3654 48¹.
399 3599 530 3670 54¹⁰sm''.
555 3600 628 3664 Quod
639 3617 689 3672 ego
701 3615 790 3654 verum
802 3617 856 3656 nun
867 3601 985 3656 arbitror.
1008 3601 1181 3674 Corrigendus
1195 3607 1282 3676 itaque

120 3685 258 3760 Epiphanii
272 3693 318 3740 ant
332 3686 431 3740 librarii
447 3686 531 3756 ipsius
547 3703 625 3750 error,
641 3693 667 3739 et
677 3688 718 3741 vel
736 3685 811 3739 cisum
823 3681 890 3740 ὀκτὼ
902 3687 1002 3760 ἡμέραν,
1017 3689 1059 3743 vel
1075 3687 1150 3742 clauus
1162 3685 1230 3743 ὀκτὼ
1241 3689 1281 3744 aad

77 3797 81 3806 ·
122 3764 181 3842 ὅροι
191 3776 256 3844 rps'rc
267 3770 316 3826 hoc
327 3771 385 3827 loco
398 3771 571 3826 scribendum.
594 3771 658 3826 Vide
671 3788 737 3843 quae
749 3779 827 3827 antea
838 3771 961 3826 diximus.

185 3857 217 3914 N.
228 3875 312 3913 xxvm
334 3854 433 3912 Ἕνεκεν
445 3857 524 3910 το1νον
536 3857 644 3928 sidroc]
679 3859 738 3914 Nou
754 3858 818 3913 iilud
835 3857 980 3930 siguificat,
997 3860 1066 3929 quod
1082 3861 1221 3916 arbitratur
1231 3859 1281 3916 Ke-

121 3943 205 4014 plesus
223 3950 249 3998 et
265 3943 334 4014 quod
342 3943 428 4016 prima
438 3944 525 4014 specie
535 3944 602 3996 velle
613 3941 722 4008 videtur,
738 3959 772 3998 ex
784 3943 862 3998 buius
874 3945 940 4014 cycli
951 3945 1078 4014 pravitate
1087 3945 1165 4000 biduo
1173 3947 1280 4003 Iudaeu-

121 4045 177 4084 rum
183 4028 284 4100 pascha
290 4030 438 4101 legitimum
446 4036 549 4100 tempus
564 4029 749 4094 antecessisse;
767 4031 842 4100 qussi
853 4028 926 4083 bidui
936 4035 1039 4082 tautum
1050 4032 1184 4101 προήγηοις
1196 4049 1281 4088 svers

122 4131 173 4171 mr.
183 4115 254 4170 neu
270 4115 316 4178 sit,
333 4113 486 4168 Pharisaeos
498 4129 558 4168 veru
576 4114 626 4168 diei
642 4115 719 4168 unius
736 4111 864 4185 ὑπιρβάοιν
879 4115 1021 4168 constituta
1036 4131 1088 4168 uno
1101 4116 1142 4170 die
1154 4118 1281 4173 duntaxat

123 4201 289 4272 anticipasse,
300 4216 360 4255 cum
371 4200 449 4256 biduo
461 4199 544 4254 solido
556 4197 672 4254 Christum
684 4199 825 4254 Nicaeuam
836 4217 891 4254 xrv.
903 4202 1076 4255 anteverterit.
1110 4201 1178 4257 Nam
1190 4204 1281 4258 eodem

123 4301 198 4340 seusu
208 4284 258 4342 hoe
269 4289 327 4341 1οοο
339 4286 405 4340 dixit
414 4286 524 4340 ludaeos
535 4284 667 4356 προλοβαν
678 4283 769 4354 ἡμέρας
782 4285 838 4354 δύο,
854 4301 907 4355 quo
918 4285 1050 4356 superiore
1061 4303 1180 4354 numero,
1199 4286 1280 4360 'Epa-

123 4385 165 4440 γον
176 4371 205 4424 rb
217 4370 304 4443 πάσχοι
315 4371 363 4444 rspb
376 4372 420 4425 edo
431 4369 529 4442 ἡμερῶν
541 4375 585 4424 τοῦ
597 4373 690 4441 φαγεῖν.
718 4372 753 4423 et
762 4369 815 4423 illic
826 4371 898 4424 bidui
909 4371 1059 4442 unumpatio
1070 4387 1236 4444 nequaquam
1247 4375 1280 4428 sd

123 4453 262 4514 llicsauam
273 4475 336 4523 xcv„
348 4457 395 4512 sed
405 4457 438 4512 ad
448 4457 582 4512 Iudaicam
593 4457 767 4526 vitiosamque
778 4462 953 4526 comparatur,
965 4471 1033 4528 quae
1044 4472 1104 4512 cum
1115 4459 1246 4514 lutetiam
1254 4478 1280 4515 v.

123 4541 211 4597 Martii
220 4561 276 4600 aux.
286 4544 422 4609 incideret,
435 4542 552 4599 Christus
563 4557 623 4598 cum
630 4541 783 4598 ludaeorum
795 4543 873 4613 vulgo
884 4543 950 4598 ieria
957 4559 998 4598 rm.
1010 4543 1098 4599 llertii
1108 4563 1172 4604 xvir.
1183 4546 1281 4618 pascha

123 4627 267 4684 aelsbrssit.
301 4630 386 4694 Quare
401 4644 487 4702 usque
502 4628 552 4685 hoo
568 4627 626 4685 loco
638 4629 683 4683 ete
694 4625 785 4699 ἡμέρας
797 4625 935 4700 προῦλαβον
951 4627 1094 4686 Nicsensm
1104 4645 1167 4700 xro,
1183 4632 1229 4690 sed
1245 4647 1280 4690 aa

1031 4733 1077 4791 q.
