3252 5158
1183 323 1263 384 uum

106 483 218 538 himera
229 483 299 538 enim
310 483 342 538 de
353 482 500 538 libidinosis
511 488 538 536 et
548 482 769 538 incontinentibus
780 486 888 552 rogetus
905 481 937 536 de
952 481 1045 552 lapsis,
1060 479 1110 536 hoo
1126 487 1167 536 est
1180 481 1262 536 idolo·
1287 503 1308 544 p.
1316 491 1364 535 set.

107 571 174 624 latria
185 569 341 624 nominatim
353 567 457 623 decreta
470 569 575 640 profert.
609 567 708 622 Deinde
726 583 785 622 cunr
802 567 989 638 poenitentiam
1006 567 1062 622 eiua
1080 567 1262 622 communione

107 669 256 710 concessam
267 655 372 718 snserit,
386 671 441 708 non
457 659 514 708 tem
527 653 597 708 istud
613 652 646 708 sd
662 653 768 706 clinicos
785 667 865 724 quem
878 652 912 706 ad
923 669 1101 724 quoscumque
1112 658 1262 724 peccatores

107 741 201 794 attinet
224 741 304 811 Atqui
313 740 345 793 de
353 739 515 794 moribundis
524 739 652 792 duntaxat
659 738 838 808 interrogabat
845 738 1001 809 Exuperius,
1012 744 1039 792 et
1050 737 1125 792 aliter
1135 738 1261 804 dubitare,

105 825 214 879 hominis
226 831 282 879 mut
293 841 384 896 parum
396 826 424 878 in
436 824 560 878 ecclesiae
571 824 664 878 ritibus
676 823 776 877 eruditi.
800 821 974 886 Quamobrem
985 823 1124 878 consimile
1136 831 1176 878 est
1185 823 1262 878 luno·

106 909 215 966 cautium
226 910 382 982 hypothesin
394 910 427 964 sd
438 907 545 975 thesim,
563 909 611 964 hoc
624 915 664 964 eet
675 909 824 980 generalem
836 909 1039 979 disputationem
1050 911 1263 964 controuersiam·

106 1013 152 1067 qno
162 1012 299 1050 revocasse
311 1003 337 1050 et
348 1011 469 1050 censeam
480 995 611 1060 attulisse,
623 1011 669 1050 cur
680 995 820 1066 aliqnando
829 993 909 1047 tardis
920 994 972 1047 illis
982 995 1188 1065 poenitentibus,
1200 995 1263 1050 olim

104 1098 162 1136 uero
174 1082 255 1136 etiem
267 1081 425 1152 quibuslibet
435 1080 586 1152 grauiorum
597 1080 735 1134 criminum
745 1081 797 1134 reis
809 1079 999 1134 communionis
1015 1097 1075 1150 spes
1091 1081 1208 1151 praecise
1222 1082 1263 1136 iu·

106 1168 158 1220 erit
180 1165 323 1232 Nimirum,
335 1183 386 1238 quo
397 1183 541 1238 poenarum
553 1171 625 1220 metu
636 1166 663 1220 in
675 1165 761 1220 officio
774 1163 913 1220 Christiani
924 1165 1124 1232 continerentur,
1135 1167 1261 1239 principio

107 1251 287 1306 commuuione
304 1250 448 1323 prohibitos
466 1252 629 1323 capitalium,
649 1251 689 1304 uti
706 1251 774 1316 dixi,
791 1252 918 1306 scelerum
935 1252 1064 1317 conscios,
1081 1268 1263 1324 necunquam

106 1338 157 1390 sire
169 1337 325 1404 incolumes,
337 1338 392 1392 sire
404 1336 584 1402 moribundos,
600 1336 724 1390 ecclesiae
735 1337 878 1392 restitutos.
913 1336 1008 1390 Postea
1019 1352 1079 1390 roro
1091 1338 1207 1394 nondum
1218 1355 1262 1410 pe·

105 1423 172 1476 nitus
183 1423 327 1477 constitute
337 1438 402 1494 pace
413 1422 597 1493 poeniteutiam
609 1422 714 1492 quidem
724 1422 776 1476 illis
788 1438 819 1475 sc
835 1422 1045 1476 communionem
1060 1421 1200 1490 indultam,
1218 1425 1263 1494 qui

104 1511 202 1562 mature
213 1497 248 1562 &l
258 1499 317 1562 esr'u
328 1509 467 1579 petendam
481 1507 664 1571 accessissent,
681 1507 790 1562 caemris
806 1507 834 1560 in
849 1513 1003 1578 perpetuum
1019 1508 1130 1562 reiectis.
1164 1511 1201 1564 dc
1217 1527 1263 1582 pe·

105 1599 196 1647 strenue
208 1594 308 1664 pscstis
321 1594 444 1648 ecclesiae
455 1593 532 1646 rebus
541 1593 619 1646 etiem
628 1591 753 1648 tardiores
761 1593 820 1646 illos
829 1593 941 1646 instame
950 1593 1004 1646 iam
1012 1599 1094 1647 morte
1100 1596 1263 1650 communio·

105 1694 162 1732 nem
173 1679 335 1750 impetrasse.
370 1679 432 1734 Tris
442 1677 506 1736 haec
518 1679 665 1732 necessario
677 1677 862 1756 distingumds
873 1683 935 1732 suut
944 1678 1070 1733 ecclesiae
1086 1685 1217 1751 tempora,
1235 1687 1264 1736 ut

106 1763 256 1818 dissidentes
269 1780 285 1816 e
296 1781 325 1818 se
336 1765 447 1818 inuicem
459 1764 674 1834 gravissimorum
685 1769 789 1834 petrum
801 1763 954 1817 eutomtetee
966 1764 1142 1820 concilientur.
1162 1765 1196 1820 lit
1207 1767 1263 1836 qui·

106 1849 160 1902 dem
171 1849 258 1921 prims
269 1850 315 1903 illa
326 1850 542 1920 severissimeque
554 1849 691 1920 disciplina
701 1849 751 1903 snb
763 1849 940 1920 apostolorum
951 1853 1070 1921 tempore
1083 1856 1110 1904 et
1120 1851 1153 1905 ed
1163 1851 1263 1906 Tertul-
1379 1864 1384 1884 ‘

105 1935 165 1988 iani
178 1935 234 1990 lere
249 1936 383 1989 saeculnm
399 1935 524 2000 obtinuit,
545 1949 611 2006 quse
628 1951 644 1988 s
660 1933 807 2006 zephyrino
819 1933 955 2004 pontifice,
977 1933 1045 2005 quod
1065 1936 1098 1988 nd
1118 1937 1263 1992 moechiam

106 2025 215 2090 spectet,
226 2021 363 2092 paululum
374 2021 493 2074 relaxata
502 2020 625 2091 Cypriani
632 2019 793 2090 temporibus
802 2019 914 2074 maiores
926 2018 958 2072 ed
967 2019 1099 2075 lenitatem
1108 2037 1263 2092 progressus

105 2103 199 2160 hebuit.
233 2105 295 2160 lluit
312 2107 381 2160 eninr
393 2106 536 2160 secundum
547 2105 611 2160 illud
622 2105 737 2159 maxime
749 2111 851 2176 tempus
864 2122 916 2175 quo
927 2106 1029 2160 nudum
1039 2108 1140 2177 peccati
1150 2122 1234 2178 genus
1246 2125 1263 2163 e

105 2189 186 2245 iruetu
196 2192 389 2246 communionis
401 2197 539 2263 exceptum
552 2195 603 2256 est,
614 2190 660 2244 sed
672 2191 709 2244 itu
719 2195 821 2255 minen,
838 2191 862 2244 si
877 2191 1019 2262 temporius
1035 2209 1063 2246 se
1079 2191 1112 2246 sd
1129 2195 1263 2265 poeniten·

105 2276 165 2330 tiam
176 2277 343 2348 applicarent
377 2277 444 2332 Nem
456 2283 512 2332 tum
524 2294 581 2340 eos,
594 2276 639 2346 qni
650 2276 678 2330 in
690 2277 789 2330 obitum
800 2292 884 2347 usquc
895 2277 1053 2346 proterrent,
1069 2279 1174 2349 penitus
1185 2279 1263 2334 inter·

105 2361 188 2416 clusos
199 2361 282 2416 inisse
294 2378 396 2418 censeo.
414 2363 530 2417 Tandem
539 2379 599 2416 vcro
611 2379 645 2414 ne
655 2362 712 2416 istis
724 2361 828 2432 quidem
839 2363 931 2432 negari
939 2364 1150 2418 communionem
1158 2365 1263 2434 placuit,

105 2463 161 2500 cnm
171 2448 318 2502 instaurata
329 2449 452 2504 ecclesiae
464 2447 582 2502 libemate
594 2447 736 2518 plurimum
747 2447 779 2500 de
791 2447 957 2518 antiquorum
967 2449 1064 2504 rituum
1081 2451 1217 2504 seueritate
1233 2467 1264 2504 so

106 2531 195 2586 duritia
206 2533 369 2588 decessisset
395 2534 444 2588 Per
455 2533 520 2587 haec
530 2534 691 2586 incrementa
701 2533 839 2604 psnlstim,
856 2539 983 2603 quantum
994 2535 1112 2600 arbitror,
1128 2535 1264 2606 discipline

105 2618 234 2688 processit
269 2617 359 2690 Neque
374 2625 463 2673 tamcn
479 2619 564 2673 ubiuis
576 2623 704 2672 terrarum
721 2624 748 2672 st
763 2619 791 2674 in
808 2620 928 2674 omnibus
943 2621 1061 2674 ecclesiis
1073 2621 1188 2674 moribus
1199 2621 1263 2674 hsec

106 2704 212 2758 subinde
222 2711 327 2775 recepta
338 2704 464 2768 videntur,
481 2709 508 2758 st
519 2721 578 2758 cum
591 2704 658 2759 aliae
675 2705 733 2758 eliis
749 2705 825 2758 citius
843 2705 1025 2769 adsciriment,
1041 2707 1135 2760 rotome
1152 2707 1264 2760 instituti

107 2803 135 2840 sc
145 2790 292 2844 sereritetis
304 2790 429 2860 reliquiae
440 2805 519 2862 penes
535 2790 637 2860 sliquos
653 2789 697 2843 diu
714 2789 854 2844 admodum
869 2791 1026 2844 resederunt
1060 2789 1182 2844 Nondum
1193 2793 1263 2846 enirn

106 2875 218 2944 generali
228 2875 317 2946 alique
328 2876 475 2940 sanctione,
491 2891 544 2945 qua
555 2891 644 2928 omnes
657 2876 780 2929 ecelesiae
791 2881 947 2941 tenerentur,
960 2893 991 2930 ea
1001 2893 1043 2930 nos
1055 2877 1197 2930 constituta
1206 2877 1262 2931 ine·

105 2965 154 3024 rat,
172 2967 218 3014 eut
233 2961 307 3014 illem
324 2965 392 3014 certe
409 2961 508 3014 terdine
525 2961 640 3031 regionis
658 2961 767 3014 alicuius
788 2961 948 3014 consuetudo
968 2967 1046 3031 atquo
1067 2978 1130 3014 usus
1150 2961 1262 3016 admisit

107 3043 186 3108 Quam
196 3046 224 3100 in
237 3063 293 3100 rem
304 3045 369 3100 iacit
379 3046 502 3118 Cypriani
514 3046 611 3101 dictum
621 3046 686 3099 illud
697 3045 778 3118 lipist
790 3045 823 3099 ed
835 3047 929 3102 Anton.
953 3047 989 3098 Et
1000 3045 1098 3116 quidem
1110 3049 1181 3118 opud
1192 3057 1261 3102 autc-

107 3147 213 3184 cessorcs
224 3141 323 3186 normes
333 3133 437 3202 quidone
448 3133 480 3184 dc
491 3136 617 3202 spiscopus
626 3135 686 3185 aetio
695 3136 722 3183 irs
729 3136 869 3202 prouincia
881 3140 969 3186 metro
978 3133 1091 3184 dandam
1095 3149 1189 3203 paoem
1199 3151 1261 3188 moo-

108 3215 159 3270 cls's
174 3235 223 3270 sou
235 3226 404 3287 potaverunt,
422 3227 446 3270 et
462 3221 489 3270 in
506 3226 580 3271 totum
591 3222 764 3288 poeniteutiae
775 3219 855 3270 locum
867 3226 957 3272 conns
968 3219 1098 3270 adulterio
1110 3220 1262 3282 clauserunt,

107 3319 152 3354 sos
161 3311 246 3356 toreca
254 3303 287 3356 oh
297 3307 470 3374 episcoporum
479 3320 579 3356 mortem
591 3304 695 3371 cullcps'o
703 3313 867 3356 recesserunt.
884 3303 954 3356 Haeo
965 3303 1009 3356 illc
1020 3301 1193 3358 decadarum
1204 3320 1262 3376 per·

107 3387 247 3458 shingsns,
259 3387 329 3458 quod
340 3389 374 3442 ed
385 3389 594 3460 intempestivam
605 3389 632 3442 in
644 3387 732 3458 lapsos
743 3388 932 3452 omdelitstom,
945 3389 1013 3458 qnod
1025 3390 1133 3444 minimo
1144 3407 1262 3445 nemese-

105 3473 170 3527 riunn
181 3478 251 3538 erat,
262 3473 399 3528 dissidium
408 3473 583 3538 adiunxisset,
594 3490 654 3528 oum
666 3473 763 3543 alioqui
775 3472 897 3544 delapsis
909 3474 979 3544 quod
988 3475 1064 3528 vellet
1072 3475 1193 3546 privatim
1203 3493 1261 3530 sen·

106 3558 150 3612 tire
166 3559 292 3630 potuerit,
310 3575 358 3613 neo
375 3559 409 3614 ab
426 3559 551 3613 eeclesias
568 3559 691 3612 societate
709 3557 804 3612 diuelli.
838 3557 911 3622 Quod
929 3558 961 3613 de
978 3560 1137 3614 Tertulliano
1157 3561 1262 3632 perinde

107 3643 283 3715 usurpandum
294 3650 362 3709 erat,
375 3644 400 3697 si
409 3651 464 3697 mm
476 3645 525 3698 iste
537 3661 615 3714 qnam
626 3643 786 3698 Novatienns
798 3641 923 3698 hacteuus
934 3645 1113 3714 procederent,
1129 3653 1159 3700 nt
1173 3647 1262 3718 lapsos

107 3729 264 3784 reconcilinri
274 3745 327 3784 nou
345 3735 461 3801 oportere
479 3729 604 3793 dleerem,
619 3745 672 3782 nen
689 3737 776 3784 eutem
788 3730 879 3783 renisa
890 3729 1042 3784 tribuendae
1053 3731 1095 3785 ius
1107 3732 1140 3784 ab
1152 3733 1263 3788 ecclesis

106 3829 208 3883 prorsus
220 3815 425 3880 abiudicsseent3
437 3831 518 3886 quam
529 3815 562 3868 ob
572 3829 692 3870 caussam
700 3815 792 3870 merito
801 3821 928 3886 tanquam
936 3813 1058 3870 haeromi
1067 3816 1182 3870 damnati
1193 3823 1262 3879 suut,

107 3897 227 3954 lsmrero
239 3916 274 3953 ex
284 3900 387 3953 illorum
399 3916 520 3964 numero,
532 3899 602 3970 quod
610 3899 720 3970 spissius
733 3916 763 3954 ec
775 3901 873 3954 tardius
885 3901 913 3953 in
925 3917 982 3954 eam
993 3901 1127 3956 leuitatem
1138 3901 1262 3958 ἰοίῐοοῒοο

107 4001 160 4038 esee
171 3985 300 4050 diximus,
311 3985 496 4056 Hispanienses
508 3985 633 4038 ecclesiae
644 3990 722 4054 etque
734 3987 862 4046 antistites
873 3987 1004 4040 recenseri
1015 3985 1120 4052 debent,
1132 4004 1198 4058 qnos
1208 4005 1263 4042 nou
1288 4014 1310 4054 p.
1319 4001 1363 4044 rus.

107 4069 189 4140 ωιςίο
200 4086 281 4141 qnsm
293 4076 407 4126 cmteros
419 4087 522 4135 omnes,
538 4071 656 4140 adeoque
671 4071 808 4124 ecclesiam
823 4071 897 4124 initio
912 4077 994 4126 telem
1005 4076 1092 4126 tuetur
1103 4078 1262 4144 excusatque

107 4155 230 4224 pontifex.
248 4156 313 4211 Volo
323 4157 392 4210 euim
401 4157 545 4212 iunocentii
552 4155 632 4210 rerba
639 4155 752 4226 prudens
760 4156 841 4210 lector
849 4157 1261 4224 animaduertatobsercoticeem,

108 4245 157 4292 οιύο
167 4243 366 4296 comsetndiuem
373 4245 487 4311 priorem
499 4246 618 4307 terruisse,
634 4241 704 4312 quod
720 4241 751 4294 de
767 4241 934 4312 provincialis
950 4242 1044 4312 synodi
1059 4257 1159 4297 esnone
1174 4259 1204 4298 sc
1219 4244 1261 4297 de-

109 4333 174 4380 creto
185 4341 351 4398 nequaqnam
363 4325 469 4392 dicmet,
487 4327 532 4380 sed
549 4327 580 4381 da
596 4343 627 4380 eo
640 4326 728 4395 utiquc
740 4326 791 4378 ritu
804 4327 849 4396 qni
860 4326 940 4381 totius
952 4327 1077 4382 ecclesiae
1088 4328 1135 4394 sit,
1151 4335 1196 4382 sut
1207 4345 1262 4382 ma·

109 4409 166 4464 ioris
177 4411 270 4466 saltem
280 4413 362 4484 partis
374 4413 559 4466 cousuetudine
571 4417 699 4483 receptus.
731 4409 859 4474 Quocirca
869 4413 1000 4481 praeclare
1012 4413 1050 4478 id,
1063 4413 1131 4484 quod
1143 4415 1262 4486 superius

108 4497 218 4564 positum
230 4505 283 4564 est,
294 4497 344 4552 hoo
355 4497 498 4554 iunocentii
509 4498 687 4552 testimonium
700 4495 848 4560 confirmat,
860 4503 983 4568 uegetam
993 4499 1115 4552 maximis
1123 4499 1262 4554 sceleribus

110 4581 169 4636 olim
179 4584 389 4639 communionem
400 4582 495 4647 inirem
514 4600 566 4656 qua
581 4589 673 4654 postes
684 4581 810 4654 permissa
820 4581 869 4636 soli
880 4582 919 4636 illi
930 4583 1034 4656 excepti
1044 4583 1162 4639 ridentur
1174 4586 1219 4656 qui
1229 4585 1263 4638 sd
