3252 5158
1201 403 1282 464 ccxi

186 557 240 612 Sed
251 563 282 614 nt
293 575 309 614 a
320 559 405 630 rapite
415 560 473 631 ipso
485 559 688 630 disputationem
698 571 875 626 messeanam,
886 565 1031 632 proponam
1043 567 1104 616 tate
1114 562 1204 618 onnia
1214 578 1281 633 quae

118 643 150 698 de
160 642 211 697 bae
221 643 332 698 historia
342 643 462 698 Socratas
475 659 505 698 ac
516 644 677 698 Soromenus
689 647 793 718 scriptia
805 647 1025 702 commendarunt
1058 645 1126 700 Nera
1140 647 1174 700 ab
1185 648 1242 700 istis
1253 649 1281 702 in

117 729 278 799 reliquorum
289 731 445 802 scriptorum
456 730 655 786 commentarios
666 731 728 785 facti
743 731 814 784 illins
830 737 872 784 est
887 731 1003 786 densata
1017 733 1151 786 memoria
1185 732 1282 787 Scribit

117 813 198 884 igitur
208 810 338 886 imprimis
350 815 471 870 Socrates
482 815 557 871 libr.
570 831 691 886 capara.
705 831 739 868 cx
754 833 785 870 ec
802 822 930 886 tempore,
948 833 999 886 quo
1015 817 1153 872 Novatiani
1168 818 1281 887 primurn

117 906 291 965 emerserunt,
308 901 444 972 episcopos
455 901 683 972 poenitentiarium
694 902 875 972 presbyterum
888 902 1052 968 adiunxisse,
1064 909 1095 956 ut
1105 903 1150 972 qui
1165 909 1225 973 pbst
1235 903 1281 958 ba·

116 983 243 1056 ptisanum
255 985 424 1056 deliquissent
433 1001 482 1038 eus
493 985 562 1056 apud
573 986 645 1038 illum
657 991 766 1055 peccate
776 987 968 1042 confiterentur.
997 987 1113 1041 Eundem
1125 1003 1202 1058 porro
1214 987 1281 1043 Gon·

116 1071 287 1141 matiaopoli
297 1069 338 1124 lris
350 1070 382 1124 de
393 1072 493 1124 massis
504 1070 659 1140 abrogatum
670 1069 759 1124 inisse.
784 1071 893 1124 Femina
904 1072 1031 1142 quaedem
1042 1073 1166 1143 primarie
1176 1073 1209 1126 ad
1221 1091 1281 1128 enm

116 1155 259 1210 confitendi
270 1171 364 1210 mussa
374 1159 431 1210 ¹sese
443 1156 594 1210 contulerat
629 1155 677 1209 Gai
693 1173 753 1210 cum
769 1164 888 1227 peccata,
904 1173 971 1227 quae
988 1165 1048 1228 post
1062 1159 1221 1228 baptismum
1234 1159 1280 1212 ad·

117 1241 238 1305 minent,
253 1242 343 1296 carnia
354 1241 507 1311 singillatim
519 1242 695 1310 exposuisset,
713 1242 785 1295 obire
801 1243 988 1312 poenitentiam
1004 1243 1115 1308 iubetur,
1131 1259 1162 1298 ac
1177 1245 1281 1300 ieiuniis

117 1331 143 1378 et
154 1326 317 1382 orationibus
329 1325 440 1380 assiduis
451 1327 578 1380 insistere.
604 1326 634 1379 ln
646 1343 698 1398 qno
710 1327 816 1396 longius
828 1341 969 1398 progressa
983 1326 1040 1396 (boe
1056 1334 1108 1394 est,
1125 1335 1154 1384 ut
1168 1329 1281 1384 declarat

117 1409 293 1477 Smnmeane,
306 1411 403 1466 diutim
412 1412 439 1466 in
448 1412 572 1465 ecclaesia
581 1413 760 1482 perseverans)
772 1411 843 1464 aliud
852 1411 981 1482 quoddam
989 1413 1076 1467 scelos
1085 1427 1162 1467 snum
1170 1416 1280 1484 aperuit,

117 1501 237 1566 mmm
248 1496 382 1564 videlicet,
398 1496 538 1568 quodcum
551 1497 658 1551 ἀίιιοιο
670 1498 844 1550 commiserat.
879 1497 961 1548 Τοῦτο
972 1497 1072 1568 λεχθὲν,
1088 1497 1138 1552 hoc
1155 1506 1207 1564 est,
1225 1517 1280 1554 curs

118 1580 163 1634 tor
175 1584 272 1634 ιιιιιιιι
284 1591 359 1647 earet,
371 1581 496 1636 diaconus
506 1583 537 1634 in
547 1569 665 1638 ordineni
675 1581 794 1636 sedecim
806 1591 855 1636 est.
889 1581 1025 1636 tremente
1036 1599 1097 1636 vero
1115 1599 1146 1637 ac
1157 1586 1280 1640 tumultu·

117 1673 175 1720 ento
186 1667 264 1736 plebe
280 1672 307 1720 et
319 1665 491 1736 flagrantibus
504 1666 602 1720 invidis
613 1667 713 1720 clericis
728 1666 862 1720 Nectariue
875 1667 1048 1722 Eudaemonis
1064 1668 1199 1722 cniusdam
1210 1687 1280 1740 pros·

117 1751 202 1821 syren
221 1762 320 1822 genere
341 1751 511 1806 Alexandrini
531 1753 638 1806 cenailio
664 1752 892 1822 poenitentiarium
920 1753 1098 1822 presbyterum
1122 1755 1230 1808 sustulit
1254 1761 1282 1809 et

117 1853 329 1908 unumquemque
341 1853 404 1892 suae
416 1838 589 1891 conscientiae
600 1838 730 1908 permisit,
748 1843 778 1890 ut
791 1851 824 1890 ea
836 1839 892 1890 eins
903 1837 1009 1890 arbitrio
1021 1838 1053 1891 de
1064 1840 1195 1908 mysteriis
1206 1857 1280 1896 usur·

116 1921 208 1992 pendis
217 1922 325 1993 spudeo
334 1927 465 1976 statueret
482 1922 709 1976 Haecedrerbum
719 1921 1002 1994 Socrates,eadcmque
1012 1923 1278 1982 Soaomennslib.rrr.

117 2022 171 2078 cap.
182 2025 238 2063 arr.

182 2093 224 2146 Ex
237 2093 331 2163 quibus
343 2093 506 2162 antiquatum
519 2091 744 2163 Constantinopoli
760 2091 901 2146 confitendi
917 2093 996 2146 ritum
1011 2106 1041 2147 ac
1054 2095 1228 2164 poenitentiae
1239 2112 1280 2150 sa·

118 2184 280 2232 manentum
291 2193 348 2232 esee
360 2178 492 2231 sublatum
504 2184 563 2247 post
576 2177 721 2230 Calvisium
733 2176 856 2231 haeretici
868 2195 959 2232 omnes
971 2179 1105 2250 colligunt
1123 2178 1211 2232 Nostri
1221 2197 1279 2252 per·

118 2261 163 2316 titn
174 2262 317 2317 confictam
328 2263 395 2316 lrarrc
411 2261 591 2316 tNoratianls
607 2261 737 2316 hiemricis
752 2263 869 2316 tabularu
887 2269 1033 2334 opponunt,
1048 2265 1076 2318 in
1093 2279 1189 2335 eaque,
1207 2271 1236 2318 nt
1251 2267 1279 2320 in

118 2347 174 2402 aliis
185 2348 319 2418 plurimis,
332 2349 456 2402 mentitos
467 2347 527 2400 illos
538 2363 596 2400 esee
608 2347 763 2412 detendunt,
780 2349 876 2418 partim
887 2365 940 2402 non
951 2351 1179 2414 sacramentalem,
1196 2355 1225 2402 ut
1235 2367 1280 2404 ro·

21 2475 31 2504 ,
118 2439 189 2498 eant,
207 2431 412 2498 eeniesaicnsm,
429 2449 460 2485 sc
471 2432 590 2496 tacitam,
603 2432 647 2485 sed
659 2433 791 2503 publicam
803 2439 897 2504 putant
908 2449 964 2486 esse
976 2433 1114 2488 sublatam.
1149 2433 1193 2488 sic
1208 2435 1278 2490 enim
1306 2453 1326 2493 r·
1334 2440 1379 2482 ²⁴1·

118 2517 281 2584 existimem,
302 2532 346 2572 eoa
367 2518 413 2588 qui
429 2517 533 2590 publice
553 2517 740 2588 poenitentiam
761 2521 924 2589 susciperent
947 2535 995 2572 sua
1015 2519 1143 2590 quaedam
1163 2521 1279 2588 crimina,

119 2617 182 2672 quae
193 2604 315 2658 secordes
328 2604 503 2673 designasset,
518 2603 653 2673 propalam
669 2609 695 2656 et
705 2604 732 2656 in
744 2603 874 2674 frequenti
885 2603 1010 2657 ecclesiae
1021 2610 1097 2658 coetu
1109 2605 1226 2660 confiteri
1237 2623 1279 2661 so·

117 2685 187 2754 ere,
198 2695 225 2742 ee
236 2705 295 2742 cana
306 2690 391 2760 ipsam
403 2689 535 2759 publicam
547 2687 737 2742 confessionam
746 2690 897 2758 antiquaese
906 2688 1068 2754 Nectarium,
1080 2707 1148 2760 quae
1159 2708 1212 2746 non
1224 2697 1279 2744 tarn

117 2772 149 2824 ad
159 2775 253 2844 cnlpae
268 2774 468 2844 promerandam
479 2773 582 2826 reniam
600 2789 680 2844 quem
695 2773 728 2826 ad
743 2791 855 2844 poenam
870 2774 1127 2845 satisfactionemque
1142 2783 1278 2846 spectaret.

117 2855 218 2914 Ειιιιιιι
235 2865 383 2914 metronem
400 2859 471 2912 illam
489 2873 507 2911 s
526 2859 635 2912 disoeno
653 2865 848 2929 constupratam
866 2860 952 2923 aiunt,
970 2869 1030 2912 cum
1048 2859 1080 2912 ad
1097 2860 1230 2930 publicam
1247 2859 1278 2914 de

117 2957 186 2997 mere
197 2943 391 3000 comessionem
402 2944 528 3009 venleeet,
545 2943 719 3014 praescriptos
735 2943 785 2996 sibi
801 2960 818 2998 a
834 2943 1032 3014 poenitentiario
1045 2944 1179 2998 sacerdote
1191 2947 1278 3000 termi-

117 3045 163 3082 nos
171 3043 320 3100 aqueum,
332 3029 508 3102 imprudenter
516 3029 642 3082 incestum
654 3042 706 3082 una
715 3029 788 3082 illurn
797 3027 959 3098 patefecisse.
976 3029 1029 3082 dlii
1040 3030 1143 3082 conscio
1154 3037 1180 3082 et
1188 3039 1277 3084 sutore

117 3115 249 3170 sacerdote
261 3115 411 3186 divulgasse
422 3115 537 3179 malunt,
549 3114 619 3184 quod
631 3113 664 3167 ob
675 3131 733 3167 eam
745 3130 800 3166 rem
812 3113 845 3166 ab
858 3113 944 3166 officio
956 3120 1072 3168 remotus
1084 3113 1170 3170 tuerit.

179 3200 234 3254 Sed
245 3201 277 3255 de
288 3201 392 3271 publica
403 3199 567 3254 confessione
578 3215 649 3252 mox,
672 3198 738 3252 lllud
749 3198 852 3252 interim
865 3198 1082 3252 considerandum
1093 3200 1160 3252 unde
1172 3202 1277 3256 tandem

117 3287 273 3356 smeparint,
289 3285 443 3340 mandatum
458 3285 573 3350 mulieri,
589 3285 628 3337 nti
645 3300 694 3337 sus
708 3301 755 3354 pro
771 3283 897 3337 concione
908 3288 1015 3353 peccata
1026 3285 1147 3338 omnibus
1159 3286 1277 3341 ediceret.

117 3368 172 3424 lino
183 3377 247 3425 eunt
257 3371 285 3424 in
298 3370 397 3424 Graeca
408 3370 555 3424 nmatione
567 3369 657 3435 umba,
674 3382 708 3422 er
725 3369 819 3439 quibus
834 3373 968 3438 utcunque
978 3367 1070 3422 deduci
1081 3375 1175 3439 potest.
1209 3371 1276 3426 Nam

117 3455 183 3525 apud
195 3455 343 3510 Socratem:
361 3453 377 3522 ἡ
391 3453 418 3508 et
429 3454 609 3526 προβαίνουσα,
622 3454 661 3506 rel
674 3451 737 3506 ἄλλο
750 3457 861 3524 ardicus
873 3451 958 3520 ιαιτῆς
970 3455 1100 3524 κατηγόρει
1130 3453 1205 3519 ‚Quia
1216 3475 1277 3527 npe-

117 3539 232 3607 βαίνουσι
243 3540 323 3606 dixit,
334 3546 363 3594 et
372 3541 513 3610 κατηγόρει,
525 3541 650 3611 interpres
662 3539 699 3593 ita
709 3541 797 3593 vertit:
815 3539 909 3592 Mulier
920 3539 1020 3607 denqiue
1030 3543 1057 3592 in
1070 3543 1208 3614 corrfitendo
1215 3561 1277 3612 pro·

116 3643 217 3694 rura,
231 3627 336 3680 alterins
348 3627 439 3695 culpus
450 3629 559 3696 sapsam
572 3627 710 3678 imitantur.
743 3623 802 3677 Non
813 3629 896 3689 recte,
907 3625 931 3676 ei
943 3624 1006 3694 quid
1016 3625 1044 3676 in
1056 3623 1097 3678 his
1108 3626 1191 3680 rideo.
1226 3627 1276 3680 Ne·

118 3726 165 3780 qne
176 3711 247 3766 enirn
258 3711 425 3780 repeticionem
436 3710 469 3764 ad
481 3711 672 3764 contessionem
683 3709 807 3780 pertinet,
819 3709 901 3764 multo
913 3709 1000 3762 minua
1010 3709 1043 3763 ad
1051 3709 1196 3780 publicam,
1208 3711 1277 3781 quod

118 3794 147 3848 de
157 3812 205 3850 suc
217 3797 267 3850 riri
278 3795 383 3866 quidam
395 3797 457 3850 boni
469 3796 555 3850 solent
569 3795 712 3848 adtextero.
746 3793 798 3848 Sed
812 3793 948 3858 nimirum,
967 3799 997 3846 ut
1013 3811 1046 3847 ex
1063 3793 1207 3850 Soaomeno
1224 3797 1276 3850 col·

117 3879 211 3950 balim,
223 3893 284 3952 curn
294 3881 322 3934 in
334 3881 452 3936 emunda
462 3881 636 3952 poenitentia,
652 3881 680 3933 in
692 3881 821 3943 oratione,
838 3879 948 3943 ieiunio,
959 3878 1148 3948 frequentanda
1159 3881 1275 3946 ecelesia,

117 3965 218 4036 longius
229 3965 392 4035 precederet,
403 3968 513 4020 alterum
525 3965 598 4020 nefas
610 3965 715 4018 interim
728 3963 871 4027 commisit,
883 3969 910 4016 et
920 3963 1029 4018 subinde
1040 3963 1179 4018 declararit
1190 3966 1275 4033 (aerq-

118 4051 219 4120 γιρηιιν
229 4051 271 4104 rel
283 4052 462 4121 sampirum,
475 4057 504 4104 nt
514 4049 594 4104 hebet
604 4049 790 4118 Soromcrlus),
807 4065 860 4102 non
872 4048 961 4116 utique
972 4049 1119 4118 propalam,
1130 4065 1178 4102 nec
1189 4049 1217 4102 in
1228 4067 1274 4121 pu·

119 4135 182 4189 blico
199 4143 342 4202 mereatu,
359 4137 406 4190 sed
422 4136 556 4208 privatim,
577 4141 604 4188 et
622 4151 710 4188 coram
731 4132 928 4204 poenitentiario
949 4131 1094 4197 sacerdote,
1111 4133 1180 4202 apud
1197 4149 1275 4204 quern

118 4219 253 4276 ideaddom
264 4225 371 4292 peccata
381 4221 533 4291 deponeret,
549 4226 596 4273 aut
611 4220 690 4273 etiarn
706 4219 770 4272 citra
787 4223 977 4272 armamentum
989 4233 1049 4270 cum
1061 4231 1091 4270 ec
1104 4223 1149 4270 aut
1160 4219 1210 4273 elio
1223 4220 1274 4274 cel·

118 4304 230 4376 loquens.
265 4305 372 4370 Quidvis
384 4306 494 4376 deniqne
506 4306 608 4376 potius,
624 4315 703 4373 quem
721 4310 748 4357 nt
764 4303 894 4372 publicem
909 4300 943 4356 ad
954 4301 1144 4356 contessionem
1155 4304 1274 4359 edacem

119 4389 256 4446 d'uerimns
268 4398 314 4445 snt
324 4392 460 4446 mulierem
471 4391 562 4454 istam
575 4395 621 4444 aut
632 4389 713 4442 ullum
726 4388 833 4440 omnino
843 4385 1000 4440 mortalium.
1034 4387 1089 4440 Hoc
1106 4389 1183 4458 igitur
1200 4407 1216 4443 a
1232 4407 1273 4464 aa·

120 4475 229 4543 urdote,
246 4477 279 4530 ab
291 4477 421 4541 andstite,
436 4475 555 4546 apannis
567 4473 677 4542 deniqne
688 4470 789 4541 flagitio
801 4477 944 4542 comperto,
962 4471 1094 4542 depositus
1110 4479 1150 4526 cst
1164 4475 1208 4528 ille
1219 4475 1273 4529 die·

120 4575 209 4627 conus,
221 4578 253 4615 ex
266 4579 317 4632 quc
330 4563 456 4632 paulatim
468 4559 677 4631 percrebescente
686 4555 758 4611 lama
769 4573 824 4610 rom
835 4555 1007 4610 subodoratus
1020 4566 1060 4609 est
1070 4559 1189 4628 populus.
1207 4561 1273 4614 ilinc

120 4643 175 4698 illae
186 4645 321 4716 lacrymae.
356 4647 476 4711 Mentior,
493 4644 544 4698 nisi
555 4643 692 4698 manifeste
704 4643 727 4696 is
738 4643 808 4714 ipse,
826 4642 900 4694 cuius
911 4641 1048 4696 autoritate
1059 4644 1183 4712 nituntur,
1194 4645 1272 4700 Soro-

1031 4743 1071 4796 o·
