3216 5152
344 385 429 444 axvi

343 545 415 611 ee'qee
425 545 516 596 nonin
528 555 558 594 ae
569 541 682 612 figurans
694 541 834 612 significat.
861 539 935 596 Unde
945 541 1059 612 insignis
1069 553 1206 606 numerus,
1222 541 1267 612 qui
1278 541 1384 612 insigni,
1400 539 1443 595 boe
1452 545 1487 596 eet

344 627 471 697 spisemo,
484 627 539 681 sive
550 632 613 682 nota
624 627 737 698 exprimi
748 627 822 682 solet.

412 711 528 764 Tencteri
540 712 568 765 rb
581 711 726 786 bcripqpa]
746 711 817 768 ilaec
832 727 867 766 ex
877 711 950 766 Beda
963 712 1007 766 lib.
1019 711 1051 766 de
1062 711 1179 783 boquels
1189 727 1236 783 per
1247 711 1355 768 Geemm
1364 713 1487 783 intelliges.

345 795 395 852 Ubi
402 799 509 854 Veteres
521 798 598 852 dccet
608 798 641 852 ad
650 813 714 852 xcrx
725 813 809 868 usqua
817 797 938 852 sinistrae
949 811 1042 852 manns
1052 797 1141 868 digitis
1153 813 1317 864 numerasse,
1329 804 1427 853 centnm
1437 815 1487 852 rere

343 884 509 955 reliquosque
521 884 643 954 deinceps
655 884 818 938 centenarios
827 883 919 938 dextra
929 889 1104 955 computasse.

410 968 443 1026 il.
454 989 508 1024 xrs.
532 969 578 1022 liei
589 966 640 1022 leel
652 966 850 1040 dsnnriedqbq]
872 970 929 1034 Quo
941 969 1064 1024 sincerior
1074 968 1117 1024 hie
1130 969 1203 1024 locus
1221 970 1329 1037 aiebat,
1344 969 1423 1023 scribe
1438 967 1490 1038 πρὸς

344 1055 387 1107 nbc
399 1056 449 1108 τῶν
462 1053 536 1108 ὅλων.

412 1140 462 1202 Τὰς
478 1139 505 1193 δὲ
516 1137 609 1211 ἡμέρας
621 1139 681 1192 δέκα
693 1139 738 1193 ece
748 1136 842 1210 ὡρῶν]
864 1141 935 1194 Hora
951 1139 1019 1212 apud
1034 1139 1209 1214 Epiphaniam
1226 1141 1291 1195 dnae
1306 1139 1491 1212 aequinoctiales

344 1226 472 1291 continet,
489 1231 519 1280 ut
536 1231 562 1280 et
577 1227 629 1280 alic
645 1225 704 1280 lccc
720 1225 865 1280 evidentius
876 1225 983 1281 iudicat
1006 1225 1062 1279 lem
1074 1226 1144 1296 quod
1154 1224 1234 1280 horae
1245 1243 1300 1280 xxx
1313 1223 1395 1296 palpes
1405 1223 1492 1288 tribuit

344 1312 382 1366 sic
393 1311 506 1381 intelligi
516 1316 611 1382 potest.
635 1309 683 1366 Sci
693 1310 784 1364 diebus
796 1311 907 1382 singulis
918 1309 967 1364 boc
979 1317 1020 1364 set
1030 1327 1070 1366 ιιι
1080 1309 1164 1377 horis,
1181 1312 1223 1366 sel
1233 1327 1307 1378 xxrs,
1323 1309 1442 1364 menium
1455 1307 1492 1362 de·

343 1397 445 1462 scribit,
458 1397 503 1466 qui
513 1397 543 1450 in
551 1415 589 1452 ιιι
600 1401 688 1467 partes
699 1395 849 1450 tricenariae
858 1396 956 1450 divisus
968 1396 1094 1467 gradibus
1105 1401 1210 1451 comtet
1217 1412 1315 1452 occu.
1334 1393 1492 1460 Quamobrem

344 1483 455 1552 singulis
467 1481 537 1536 boris
550 1482 782 1553 aequinoctialibus
794 1498 829 1535 xv
837 1481 948 1552 medus,
961 1481 1062 1536 duabus
1073 1481 1157 1550 boris,
1170 1483 1224 1537 sire
1236 1499 1284 1537 ιιι.
1293 1483 1345 1536 disi
1354 1487 1436 1556 parte,
1446 1495 1492 1533 xxx

344 1567 440 1638 gradus
453 1567 566 1622 conficit„
837 1563 840 1570 '

411 1650 453 1714 Εἰς
465 1652 563 1705 entem
574 1651 702 1724 altipeta]
728 1651 797 1706 Nam
811 1651 920 1708 tetidem
935 1657 1073 1709 ventorum
1089 1654 1218 1725 regiones.
1247 1653 1313 1710 Vide
1330 1652 1395 1709 Geli
1413 1651 1453 1706 lib.
1468 1667 1492 1705 ιι.

344 1755 401 1810 cap.
413 1757 478 1794 ιιιι.

410 1823 442 1880 ii.
455 1842 518 1880 xvn.
542 1821 585 1876 Ἐν
597 1826 648 1884 sdic
660 1822 790 1896 τριάκοντα
802 1823 922 1892 κλητοῖς]
947 1825 1069 1879 Tricencs
1084 1824 1118 1879 ad
1129 1823 1278 1880 convivium
1290 1823 1417 1879 adbibitus
1426 1822 1492 1876 liebr.

344 1927 375 1965 ac
385 1911 464 1981 Vulg.
475 1909 577 1964 cedices
589 1908 695 1966 babent.
720 1909 813 1963 Graeci
823 1927 885 1966 ιιι.

412 1995 458 2048 liei
470 1995 511 2048 διὰ
521 1993 612 2064 dupli,
624 1992 664 2047 ὅτε
675 1992 714 2049 inl
726 1993 856 2066 τριάκοντα
866 1994 987 2068 ἡμέραις]
1011 1995 1061 2050 Ubi
1078 1997 1204 2068 scriptum
1220 1996 1284 2050 illud
1295 2001 1370 2051 extet
1380 1991 1440 2049 milei
1450 2011 1493 2048 nun

344 2083 463 2138 occurrit.
485 2080 539 2134 Sed
549 2081 576 2136 in
587 2081 666 2152 nugis
678 2097 709 2134 ac
720 2081 830 2136 somniis
839 2079 938 2134 irusba
948 2082 1123 2135 constantiam
1134 2083 1303 2135 serationem
1315 2081 1415 2152 exigas.

410 2168 442 2222 N.
454 2183 529 2223 xvrrr.
554 2166 599 2218 Kal
612 2165 635 2221 cl
645 2165 728 2219 λευκοὶ
739 2165 911 2234 λιυκανθῶσι]
934 2167 964 2220 la
977 2165 1076 2220 Graece
1088 2173 1128 2221 est
1139 2167 1180 2219 asi
1191 2164 1378 2220 effluentem.

405 2251 535 2314 ,Πολλάκις
547 2249 708 2322 iasidpqcs]
731 2251 868 2322 Nusquam
879 2250 944 2306 baec
955 2253 1084 2306 sententia
1094 2253 1123 2306 in
1134 2253 1215 2306 saeris
1225 2253 1308 2306 literis
1320 2252 1448 2325 reperitur.

411 2338 443 2394 N.
457 2357 500 2392 xx.
524 2337 623 2408 Recepi
633 2337 774 2407 deprecari]
796 2337 876 2392 Paule
893 2337 969 2391 aliter
979 2335 1044 2391 llaec
1055 2338 1194 2392 verborum
1204 2337 1318 2393 icrmula
1330 2338 1400 2410 apud
1410 2335 1496 2392 irenaei

343 2425 511 2494 interpretem
522 2426 649 2493 concepta
656 2423 752 2492 legitur
763 2423 780 2476 l.
790 2441 808 2476 ι.
819 2439 876 2492 cap.
885 2439 963 2478 reru:
991 2421 1106 2491 Beryae
1115 2423 1247 2478 secubare
1256 2441 1359 2489 casas,
1368 2426 1495 2476 irrassine

344 2511 483 2578 dparbadc
495 2508 703 2576 cacotubafcbcr
715 2508 877 2561 cameluatdi.
903 2508 980 2579 Apud
991 2507 1108 2562 Nicelam
1119 2525 1193 2562 vere:
1212 2509 1326 2574 Caerosi,
1339 2511 1399 2574 besa,
1412 2525 1496 2562 uecors

344 2597 462 2664 apscede
474 2594 560 2648 ricdc
571 2593 691 2657 watche,
703 2592 805 2662 plnqcr
816 2592 923 2648 cclntde'.
947 2591 1020 2657 Quae
1032 2593 1070 2647 sic
1080 2595 1275 2664 iuterpretatur:
1298 2595 1322 2647 0
1337 2599 1381 2664 qeee'
1395 2613 1421 2648 ee
1432 2611 1496 2663 ceper

344 2699 438 2735 omnem
446 2684 562 2734 virtatem
570 2679 672 2743 Patris,
684 2688 708 2732 te
715 2683 873 2742 inescamur,
885 2683 928 2747 qne¹
939 2679 1020 2732 demere
1028 2689 1054 2734 ct
1060 2681 1168 2750 spiritus
1176 2681 1253 2733 benus
1261 2689 1286 2733 et
1292 2685 1350 2734 ωἰιι
1362 2685 1497 2740 meent,

344 2770 461 2838 quendum
473 2769 501 2818 in
510 2783 615 2835 corpore
624 2768 747 2832 repauset.
767 2763 895 2817 Hebraiea
906 2780 984 2835 porro
995 2765 1042 2818 ilia
1053 2781 1111 2818 sese
1122 2765 1202 2819 verbe
1211 2764 1336 2820 henaena
1347 2769 1440 2828 narrat,
1451 2764 1497 2816 sire

344 2851 473 2906 eiusmodi
489 2865 579 2904 revere
598 2850 662 2915 sint,
679 2849 735 2902 sive
749 2865 797 2920 pro
812 2849 946 2904 Hebraicis
963 2865 979 2903 a
995 2849 1198 2904 circunloraneis
1214 2849 1271 2904 istis
1288 2852 1361 2922 apud
1376 2850 1498 2920 impariles

343 2939 447 2992 metata
470 2935 540 2990 Sene
552 2935 658 3006 quidem
668 2935 773 2988 tametsi
783 2934 923 3005 depravate
934 2950 965 2988 ea
976 2935 1041 3000 sint,
1058 2935 1228 2989 Hebreisneus
1239 2943 1330 2990 tamen
1340 2938 1369 2990 in
1380 2936 1498 3007 pler-'sque

343 3023 415 3081 baud
425 3022 534 3076 obscure
544 3019 666 3092 pellucet.
690 3018 724 3073 Ut
740 3021 837 3074 mirum
853 3021 888 3074 sit
902 3019 1003 3074 Irenaei
1014 3020 1171 3076 scholiastes
1187 3022 1259 3091 pium
1276 3027 1304 3074 et
1319 3019 1448 3076 eruditam
1460 3017 1499 3072 be·

344 3110 441 3164 minem
454 3113 508 3160 tam
519 3105 678 3161 confidenter
689 3105 716 3159 id
727 3121 889 3172 asseverare,
901 3122 932 3159 ea
940 3105 1068 3160 vocabula
1078 3124 1125 3159 aec
1137 3125 1155 3159 a
1166 3107 1270 3160 Gracc
1280 3123 1327 3160 aec
1337 3108 1371 3160 ab
1379 3107 1498 3166 Hebraea,

346 3194 505 3258 Chaldaicis,
515 3191 596 3261 Syru,
609 3201 654 3245 aas
666 3192 784 3244 Arabica
797 3194 886 3260 linqua
895 3196 977 3262 petita
989 3209 1054 3255 ωας
1069 3191 1229 3261 proindeque
1240 3195 1347 3260 saucies
1359 3203 1384 3246 et
1394 3191 1498 3244 Marc

344 3283 427 3347 stupis
434 3287 555 3348 pertenta
566 3295 620 3330 esec
630 3295 706 3346 wem
716 3281 826 3331 nomina.
849 3278 885 3329 At
895 3277 966 3330 enim
976 3267 1152 3347 Epiphaniam
1167 3275 1345 3332 stireman
1362 3277 1498 3348 napserim

344 3364 468 3418 aeetadus
481 3362 587 3432 quidam
599 3361 744 3432 redarguit,
761 3361 830 3432 quod
846 3360 909 3415 haec
920 3363 979 3431 ipsa
988 3361 1069 3415 verba
1079 3377 1215 3432 perperam
1225 3364 1387 3434 acceperint,
1402 3377 1459 3416 cau
1468 3361 1498 3414 ita

344 3448 480 3504 scribenda
495 3448 560 3501 sint:
583 3447 680 3502 Basem
695 3445 834 3512 moestos,
851 3447 903 3512 nb,
919 3446 989 3510 Ren,
1004 3447 1131 3513 Arruacb,
1148 3451 1185 3532 ῃ
1203 3453 1250 3509 :it
1266 3452 1390 3540 ηψπ
1408 3451 1498 3511 mm

345 3540 448 3598 mn.
471 3533 526 3587 idne
539 3538 591 3587 eet:
609 3532 639 3586 ln
650 3532 756 3586 nemine
768 3537 858 3586 sancto
870 3532 944 3586 Paris
955 3536 982 3586 et
992 3531 1051 3586 Filii
1069 3536 1094 3586 et
1106 3533 1218 3604 Spiritus
1235 3534 1329 3588 emoti.
1354 3533 1440 3604 Aque
1450 3531 1498 3602 qui·

344 3622 403 3674 dem
415 3635 494 3672 sensu
506 3619 584 3687 longe
595 3617 633 3672 illi
643 3618 733 3672 Patres
744 3617 891 3672 abhorrent,
915 3618 1012 3672 Verum
1027 3623 1058 3669 ut
1074 3619 1197 3672 carminis
1213 3616 1291 3671 buius
1306 3618 1385 3673 initio
1395 3615 1499 3673 solennis

343 3708 389 3762 illa
399 3704 524 3768 formula,
538 3702 569 3756 ln
580 3703 686 3756 nomine
697 3702 781 3756 Patris
793 3709 819 3756 et
829 3702 888 3756 Filii
899 3709 926 3755 et
936 3701 1051 3772 Spiritus
1062 3704 1159 3768 sancti,
1174 3705 1334 3774 praescripta
1344 3705 1392 3768 eit,
1408 3707 1500 3757 mesre

271 3836 279 3855 .
300 3835 318 3850 ..
344 3797 432 3848 tamen
447 3789 481 3844 ed
500 3805 558 3842 eam
573 3788 744 3852 sententiam,
761 3803 840 3858 qnam
850 3787 973 3841 irenaeus
990 3789 1134 3858 expressit,
1149 3789 1265 3842 revocari
1279 3794 1417 3859 poterunt,
1433 3789 1454 3841 si
1467 3787 1500 3840 le-

344 3879 410 3933 riter
421 3875 598 3930 emendentur.
618 3874 656 3926 Ac
666 3873 785 3926 fortassis
793 3871 862 3926 bunc
872 3878 919 3925 ant
929 3873 1040 3926 similem
1052 3873 1085 3926 ad
1097 3873 1204 3927 modum
1216 3874 1376 3928 conformari
1387 3877 1498 3946 pereunte

343 3970 379 4025 Ὁ
394 3968 457 4025 aere
475 3967 550 4022 aab
569 3965 676 4022 anans
694 3963 824 4020 arebat:
841 3964 930 4022 renue
951 3963 1014 4022 Μ’
1034 3964 1107 4020 828
1126 3964 1216 4023 itm
1240 3932 1315 4030 ἦ»
1332 3966 1384 4016 etc.
1402 3963 1499 4022 illm

344 4028 445 4132 l'l'ssl2
462 4059 578 4118 tibin.
608 4051 681 4117 Quae
697 4052 802 4122 quidem
817 4053 942 4106 Hebraico
959 4057 986 4106 et
1002 4052 1130 4106 mamaea
1145 4051 1287 4106 inflexione
1303 4055 1415 4107 eundem
1430 4053 1499 4122 plene

344 4159 451 4198 sensnm
462 4140 573 4194 reddunt
585 4155 662 4209 quem
672 4137 772 4192 irenaei
784 4137 885 4192 Graeca
894 4137 1051 4208 praeierunt.
1072 4137 1141 4192 Sunt
1152 4153 1185 4190 ea
1195 4153 1256 4192 sere
1268 4141 1364 4210 partim
1376 4156 1391 4192 e
1401 4138 1500 4200 cneo,

343 4229 439 4299 partim
456 4226 583 4282 eVeteris
599 4225 746 4295 interpretis
759 4223 853 4278 Latine
871 4224 1033 4277 concinnata
1056 4223 1130 4287 and
1146 4229 1279 4293 utcunque
1294 4229 1409 4290 tentare,
1424 4223 1499 4276 mults

343 4313 496 4384 prudentius
513 4327 544 4363 ac
560 4311 703 4364 modestius
720 4316 760 4364 set
776 4325 856 4380 quam
871 4315 968 4362 mmera
979 4315 1079 4363 veteres
1095 4315 1184 4378 patres
1195 4310 1313 4363 inscitiae
1323 4315 1402 4380 atque
1413 4307 1499 4362 errcrit

344 4414 462 4469 arguere.
487 4396 550 4460 Quis
567 4396 788 4450 nescitiiebraica
799 4395 926 4448 vocabule
938 4394 1037 4449 Graece
1053 4395 1115 4449 clim
1130 4395 1243 4465 scripta,¹
1258 4409 1325 4465 qnae
1340 4411 1375 4448 ex
1387 4391 1500 4464 origenis

343 4484 469 4554 Hexaplie
482 4482 649 4551 Octeplisque
661 4481 730 4553 apud
742 4479 955 4551 Odryscstemnm
967 4481 1084 4550 aliosque
1095 4477 1185 4534 Patres
1197 4481 1327 4550 leguntur,
1342 4487 1397 4534 tam
1410 4478 1444 4532 ab
1454 4477 1499 4531 ile

344 4569 430 4622 brasis
438 4571 538 4623 absone
545 4583 617 4630 esse,
627 4571 658 4620 ut
667 4567 726 4629 ille,
738 4567 790 4620 nisi
797 4565 861 4620 baec
872 4565 1041 4630 haberemus,
1052 4565 1125 4618 nnlla
1136 4567 1241 4636 assequi
1250 4566 1373 4620 divinatio
1385 4563 1499 4636 petuen‘t

344 4653 446 4708 Caussa
462 4652 539 4704 buius
557 4651 689 4704 varietatis
707 4656 747 4704 est
762 4650 946 4705 Hebraicerum
963 4667 1056 4706 vocum
1074 4649 1188 4718 diversa,
1211 4669 1261 4706 nec
1281 4652 1314 4705 ed
1330 4651 1439 4705 alierum
1456 4649 1498 4700 liu·
