3252 5158
336 381 430 437 oxon

335 537 447 591 Domino
456 535 674 592 Melchisedeeum
682 541 864 608 eutepoueret,
876 541 906 590 ut
915 535 1006 592 scribit
1013 535 1121 590 Tertull.
1138 533 1315 592 'theodoretus
1323 551 1386 588 rere
1395 532 1501 588 lidebi-

335 623 410 676 sedec
423 640 456 675 ex
468 622 539 676 illius
551 623 679 676 sententia
690 621 792 693 δίναμίν
803 639 855 673 τινα
868 622 908 674 καί
921 621 984 674 θείαν
997 619 1036 672 καί
1050 619 1165 692 μεγίστην
1178 621 1295 674 extitisse
1312 617 1368 671 κατ’
1381 617 1465 672 strove
1476 617 1501 670 dl

335 707 411 759 αὐτοῦ
424 707 465 759 τὐν
477 699 740 778 Χριστδνγεγενῆσθαι.
776 708 810 760 At
826 707 987 778 Augustinus
1006 712 1032 759 et
1046 705 1198 760 Philustrius
1216 705 1315 760 nullum
1331 703 1502 758 Melchisede

334 794 415 846 oienie
427 809 540 847 errorem
551 793 631 846 ulium
642 792 772 858 tribuunt,
784 792 835 845 nisi
846 791 914 862 quod
926 791 1058 845 homiuem
1070 809 1127 846 esse
1139 790 1303 862 negaverint,
1320 789 1367 844 sed
1379 791 1501 844 virtutem

334 877 376 930 dei
387 893 445 932 esse
457 879 602 933 statuerint.
626 877 690 931 Vide
701 877 846 948 Epistulam
857 877 961 931 Hieron.
972 893 1061 930 cxxvi.
1074 877 1106 930 ed
1117 875 1269 948 Evagriurn.

402 961 438 1014 T'o
452 961 477 1015 δὲ
490 961 604 1033 ἀπάτωρ,
622 961 745 1034 ἀμήτοιο]
778 961 917 1033 Perpetem
933 961 1057 1018 Erasmus
1074 965 1157 1034 ipuoti
1167 966 1256 1034 putris
1274 979 1306 1014 αο
1324 964 1432 1024 mairie,
1450 976 1502 1030 que

334 1049 430 1101 stolide
440 1049 650 1119 interpretatione
661 1048 815 1118 mysterium
828 1063 904 1101 omne
917 1047 1037 1112 sustulit,
1053 1048 1123 1118 quod
1138 1048 1163 1101 in
1182 1046 1274 1100 harum
1291 1047 1399 1100 notione
1411 1061 1501 1100 rerum

334 1134 469 1203 spostolus
482 1133 624 1186 constituit.

401 1215 457 1271 Ἔτι
469 1219 558 1284 ταύτην
571 1217 667 1286 τελετὴν
680 1216 734 1270 κατ’
746 1213 820 1286 ἔται]
838 1216 928 1290 Tuberi
940 1217 1058 1274 hocloco
1071 1219 1111 1271 uel
1123 1218 1230 1272 solenne
1242 1218 1339 1271 festum
1350 1233 1381 1270 ao
1394 1216 1500 1270 celebri-

333 1308 414 1357 tatem
426 1303 568 1373 significat,
580 1303 621 1356 vel
633 1300 796 1357 sucrificium.
814 1302 924 1374 Hesych.
943 1301 1164 1376 Τελετα1,Εορτα1,
1178 1301 1269 1370 θυσίαι,
1283 1301 1414 1374 μυστήρια.
1433 1301 1499 1356 Orus

334 1389 473 1442 Thebanus
486 1388 554 1458 apud
566 1388 678 1458 lltymol.
691 1395 809 1443 sutorem
826 1388 923 1448 retertur
940 1389 1053 1459 appellet
1070 1387 1112 1449 τὰς
1129 1387 1224 1458 μείζους
1241 1388 1281 1440 καί
1297 1385 1359 1458 μετά
1375 1405 1439 1448 τινας
1456 1406 1500 1456 μυ-

334 1477 416 1540 στικῆς
429 1474 589 1546 παραδόσεως
601 1471 693 1545 ἑορτάς.
728 1475 807 1528 Recte
823 1475 903 1546 igitur
919 1489 980 1528 cum
992 1473 1116 1527 Ceruario
1121 1478 1217 1544 serrum
1229 1473 1271 1526 hic
1282 1471 1447 1543 interpretati
1458 1488 1499 1523 su-

333 1576 402 1613 mus.
438 1559 552 1612 Tametsi
569 1558 600 1612 de
616 1559 743 1613 sacrificio
760 1561 892 1630 potuimus
914 1561 1042 1630 accipere,
1065 1558 1134 1629 quod
1149 1559 1265 1612 Seruario
1281 1563 1372 1612 nostro
1387 1557 1499 1628 placuit,

332 1637 486 1716 praesertim
501 1660 561 1698 oum
576 1643 646 1698 beer.
656 1662 767 1700 uxrvm.
778 1645 887 1700 eundem
898 1644 1035 1698 historiam
1049 1661 1160 1698 narrans
1179 1642 1260 1704 θυσίας
1271 1650 1355 1697 vocet.
1379 1639 1423 1694 Ἐν
1436 1641 1499 1694 Σαί-

334 1749 401 1801 porr,
414 1723 481 1782 robr’
493 1727 557 1781 ἔστιν
570 1727 593 1781 ἔν
606 1735 635 1800 τῇ
648 1727 782 1799 Νεαπόλει,
796 1729 878 1790 θυσίας
891 1728 914 1780 oi
925 1725 1052 1802 ἐπιχώριοι
1063 1729 1172 1782 τελοῦσιν
1185 1727 1216 1790 είς
1229 1723 1308 1798 ὄνομα
1320 1729 1404 1798 κόρης.
1427 1727 1500 1794 Quod

332 1831 393 1868 vero
404 1816 492 1880 ταύτην
503 1813 600 1880 τελετὴν
609 1811 708 1886 ἄγουσιν
718 1813 767 1868 hoo
775 1815 832 1868 loco
843 1815 921 1882 dixit,
933 1815 1085 1886 simpliciter
1096 1821 1250 1888 usurpatum
1259 1825 1322 1885 puto
1330 1830 1379 1884 pro
1389 1829 1422 1866 eo
1432 1811 1499 1884 quod

333 1905 374 1954 est
385 1905 450 1952 ritus
461 1902 519 1954 ι’ίίοο
530 1906 688 1964 instaurant,
701 1901 742 1953 vel
754 1905 827 1952 sacri
838 1901 907 1953 illiue
918 1903 1063 1953 memorium
1073 1901 1208 1954 celebrant.
1224 1899 1315 1954 Potest
1325 1907 1352 1951 et
1363 1897 1442 1968 ταύτῃ
1453 1913 1499 1972 pto
1608 1945 1609 1956 ,

333 1987 422 2051 ταιίιην
434 1986 496 2056 legi.
520 1985 587 2038 Nem
600 1985 631 2038 de
642 1984 764 2038 humenis
776 1983 879 2051 hostiis,
892 1985 960 2056 quod
972 1987 1118 2056 suspicetur
1130 1983 1272 2050 Serrariue,
1286 2000 1379 2038 verum
1394 1999 1451 2038 uon
1460 1999 1499 2035 ar·

333 2071 420 2136 bitror,
436 2071 589 2141 praesertim
605 2069 743 2142 Epiphanii
760 2086 836 2135 sevo,
854 2071 903 2124 sub
916 2070 1069 2124 Christianis
1085 2069 1260 2141 principibus,
1276 2071 1322 2139 qni
1336 2068 1498 2124 execrandas
1608 2079 1609 2106 ί

333 2157 392 2210 illes
403 2173 434 2210 ao
446 2157 611 2212 decuubiles
623 2157 784 2210 ceremoniae
796 2157 893 2226 ubique
904 2155 1100 2227 prohibuerunt.

400 2241 431 2296 N.
444 2259 473 2295 rr.
500 2241 545 2293 Aet
557 2241 605 2312 γὰρ
617 2241 657 2292 ael
669 2237 736 2310 παρά
747 2259 794 2293 τισι
805 2245 849 2293 τοῦ
861 2239 1033 2312 Magnetida]
1067 2241 1139 2305 Quee
1150 2241 1182 2294 de
1192 2239 1375 2294 Melchisedeoi
1385 2241 1498 2310 perenti-
1608 2227 1609 2236 ἵ

333 2327 381 2380 bue
398 2333 487 2380 narret
497 2325 671 2397 Epiphanius,
688 2327 804 2381 redolent
821 2327 1027 2398 apocryphorum
1045 2328 1159 2392 somnie3
1175 2325 1320 2383 cuiuemodi
1336 2326 1422 2380 multa
1438 2331 1498 2380 eant

332 2411 381 2466 ίιοο
392 2413 420 2466 in
432 2429 509 2482 opere
522 2411 591 2465 bone
601 2411 653 2464 ride
664 2426 681 2463 e
692 2413 857 2466 sanctissimo
868 2420 941 2483 patre
953 2413 1094 2483 descripta,
1106 2427 1173 2482 quse
1185 2411 1312 2466 discutere
1323 2417 1371 2464 eut
1380 2411 1498 2464 refellere

333 2497 422 2563 otiosi,
433 2502 530 2550 temere
542 2496 621 2552 fidem
633 2495 754 2550 adhibere
764 2513 858 2568 parum
869 2498 1002 2567 prudentie
1015 2498 1099 2552 luerit

400 2580 442 2634 Ἐν
454 2587 484 2653 τῇ
496 2585 538 2648 τῆς
550 2581 631 2650 Σαβῆς
643 2579 758 2649 πεδιάδα]
776 2581 888 2636 Ubinam
900 2583 969 2638 Sebe
980 2583 1026 2636 ille
1037 2583 1088 2636 site
1099 2583 1145 2648 eit,
1156 2583 1272 2638 diuinam
1284 2587 1419 2653 uteunque
1430 2583 1497 2636 lieet

332 2668 408 2722 leeue
419 2685 474 2720 m.
487 2683 544 2738 esp.
554 2685 582 2722 ιι.
595 2668 622 2720 in
635 2667 703 2720 tribu
716 2659 848 2722 Simeonis
862 2676 1029 2722 recensentur
1040 2667 1170 2722 Bersabee
1186 2673 1213 2720 et
1228 2668 1326 2733 sebee,
1344 2684 1414 2738 quee
1431 2669 1497 2722 etus

333 2752 392 2806 dem
404 2752 492 2824 oppidi
503 2753 610 2806 uomina
621 2751 651 2806 It.
661 2753 742 2806 lsaiee
754 2759 781 2806 ct
791 2753 892 2806 Meuius
904 2769 961 2806 eeee
971 2759 1073 2824 putant.
1106 2753 1182 2818 Quod
1193 2755 1216 2807 ei
1227 2769 1318 2806 rerum
1330 2760 1383 2818 eet,
1394 2755 1425 2807 in
1436 2753 1496 2808 Ber·

332 2839 452 2892 eabeenei
463 2853 527 2908 egro
539 2837 720 2891 Melchisedeei
732 2845 851 2909 parentes
863 2837 1043 2892 habitaverint

232 2926 306 2978 uere
400 2923 490 2994 Σαλὴμ
503 2921 529 2975 et
540 2920 555 2990 ἡ
568 2922 661 2990 πόλις.]
701 2924 891 2994 Antiquissima
902 2930 943 2978 eet
953 2924 999 2978 ille
1009 2927 1138 2995 questio,
1155 2930 1242 2978 utrum
1253 2925 1447 2994 Hierosolyma,
1462 2937 1496 2976 aa

332 3009 489 3064 sicimorum
504 3007 629 3080 oppidum
644 3008 722 3062 inerit
738 3009 827 3064 Salem
844 3008 1026 3064 Melchieedecl
1043 3010 1215 3074 domicilium
1236 3011 1267 3062 de
1284 3025 1338 3080 que
1352 3009 1413 3064 ride
1431 3025 1496 3080 quer

331 3095 461 3150 Perrerius
473 3095 569 3164 aliique
582 3094 615 3147 ed
628 3093 692 3148 Gen.
704 3093 850 3166 disputant,
868 3102 894 3148 et
910 3095 1053 3149 novissime
1070 3095 1191 3150 Salienus
1203 3101 1291 3150 noster
1302 3096 1330 3148 iu
1341 3095 1495 3148 Aunelibee

332 3185 363 3235 A.
374 3183 410 3234 u.
423 3179 498 3234 2118.
522 3179 674 3233 communie
686 3185 712 3232 et
722 3195 784 3233 vere
795 3181 924 3234 sententia
935 3189 975 3234 est
985 3180 1134 3250 Hierolyme
1147 3181 1235 3251 potius
1248 3196 1326 3250 quum
1338 3180 1495 3234 Sieimorum

332 3267 423 3320 urbem
434 3266 517 3320 iniere
528 3265 708 3319 Melchisedeci
719 3267 828 3336 regiam
853 3265 926 3330 Quod
938 3265 981 3320 isti
991 3267 1109 3336 pluribus
1121 3266 1261 3319 affirmant

399 3347 468 3404 Merit
480 3349 561 3421 γενεὰς
574 3351 678 3402 &audio
690 3353 732 3417 τῆς
744 3356 787 3403 τοῦ
800 3351 875 3421 erut]
907 3351 929 3404 A
941 3351 1004 3405 Levi
1015 3352 1048 3404 ad
1060 3351 1148 3406 Sadok
1159 3351 1241 3405 fillum
1253 3349 1378 3416 Achltob,
1390 3353 1437 3422 qui
1447 3351 1494 3404 sub

331 3437 430 3491 Doride
445 3452 577 3490 summum
594 3435 773 3490 Sacerdotium
787 3437 883 3502 tenuit,
899 3455 928 3492 u.
940 3437 1005 3507 leeg.
1018 3453 1074 3508 esp.
1083 3455 1140 3500 vm,
1161 3437 1200 3492 17,
1217 3436 1295 3507 γενεαί
1306 3443 1371 3492 suut
1381 3455 1433 3492 xrrr
1444 3453 1494 3491 neu

331 3541 378 3578 ιιι.
395 3523 435 3576 Ab
444 3523 545 3576 Acrone
556 3536 610 3575 non
617 3540 664 3586 vn,
675 3522 721 3575 sed
731 3539 747 3574 x
759 3529 928 3576 numerantur
938 3541 949 3575 1
958 3537 1011 3594 pur.
1023 3539 1078 3592 cup.
1089 3540 1123 3577 rr.
1142 3521 1259 3586 Quarum
1269 3522 1426 3578 laterculum
1437 3538 1494 3592 pru·

330 3610 473 3679 posuimus.

732 3694 745 3746 1
763 3693 826 3747 Levi
955 3692 972 3746 8
989 3692 1067 3746 Becoi

731 3778 746 3830 2
763 3778 848 3832 Keetlr
956 3779 971 3831 9
990 3777 1036 3832 Oai

729 3863 746 3916 3
763 3863 886 3917 Humram
940 3863 971 3916 10
989 3864 1095 3933 Zurajes

729 3949 746 4000 4
763 3948 850 4002 Aaron
941 3948 970 4002 11
988 3947 1117 4019 Merejoth

729 4032 746 4086 b
762 4033 869 4086 Eleazar
941 4033 972 4086 12
989 4034 1107 4087 Ameriae

729 4118 745 4170 6
761 4118 870 4172 Phineos
940 4119 970 4172 13
987 4119 1098 4174 Achitob

730 4203 745 4256 7
763 4204 858 4258 Abieue
939 4205 970 4258 14
987 4204 1076 4258 Sadok

330 4293 419 4350 Sedok
430 4311 455 4348 x.
468 4299 509 4346 eet
519 4297 579 4363 poet
590 4293 733 4354 Aaronem,
745 4296 806 4360 poet
816 4289 878 4343 Lori
890 4307 947 4344 unr.
977 4290 1029 4343 Sed
1040 4292 1066 4344 iu
1078 4290 1158 4360 priori
1168 4305 1277 4342 numere
1288 4287 1351 4360 perd
1361 4289 1445 4360 γενεὰς
1455 4291 1491 4341 δι·

331 4380 408 4432 καδιίο
419 4377 520 4432 infinite
532 4378 630 4432 dictum
648 4377 681 4430 eb
697 4377 790 4430 erroris
808 4375 888 4446 eulpa
901 4377 1054 4446 scriptorem
1066 4374 1187 4428 vindicet
1220 4375 1292 4428 Ηιοο
1306 4381 1407 4440 eutem,
1423 4371 1491 4444 ίβδό·

331 4485 377 4534 {eut
396 4461 451 4517 δί’
439 4465 487 4516 aab
505 4467 547 4530 τῆς
565 4461 662 4533 Ἀαρὼν
680 4462 810 4532 διαδοχῆς,
829 4461 950 4514 excusari
966 4478 1019 4514 nou
1035 4467 1158 4532 possunt,
1174 4475 1233 4514 oum
1249 4460 1340 4513 eintx.
1373 4460 1415 4516 Ad
1429 4459 1490 4514 luem

330 4566 377 4620 pro
395 4547 501 4619 ίβδόμης
519 4549 671 4602 crediderim
687 4545 749 4598 ίπιίι
765 4546 930 4602 scribendum
947 4562 1017 4610 eece,
1038 4551 1067 4600 ut
1082 4545 1116 4599 ed
1134 4541 1196 4664 puri
1211 4545 1344 4600 referatur.
1379 4544 1473 4604 elan
1462 4561 1488 4598 m

330 4632 493 4690 arithmetice
504 4639 567 4688 aeta
578 4634 701 4702 deceptus
713 4639 753 4686 eet
762 4632 891 4688 libreriue.
