3274 5154
1158 419 1288 476 cccxxi

125 609 186 646 rere
209 599 309 646 certum
333 601 372 646 est
394 609 427 646 ex
446 593 479 646 iis
496 589 633 664 Epiphanii
651 591 750 656 verbis,
774 591 875 645 iunium
892 592 919 645 in
938 591 1139 662 quadragesima
1156 609 1211 646 nen
1228 601 1288 646 anto

127 693 262 748 vesperam
282 680 360 748 atque
379 693 500 730 occasum
521 679 603 730 selem
622 695 637 729 ο
655 677 776 730 fidelibus
795 677 918 731 solutum.
953 677 1001 730 Oui
1020 685 1223 731 consentaneum
1243 685 1290 740 est,

125 762 195 832 quod
215 780 272 816 cum
292 763 323 816 de
341 763 486 834 synaxibus
504 779 654 832 ageremus,
672 779 705 816 ex
724 763 883 815 Tertulliano
902 762 1050 828 docuimus,
1070 764 1194 816 stationes
1213 763 1247 816 eb
1265 763 1290 815 id

122 853 284 901 semiieiunia
301 849 387 900 vocari
406 848 475 918 qued
493 849 525 899 ad
544 847 633 901 horam
654 863 747 901 uenam
767 864 851 916 usqne
869 855 1084 918 prorogarentur,
1106 863 1166 901 cum
1183 848 1291 917 majora,

124 933 273 1003 eujusmodi
286 933 523 1004 quadragesimalia
534 934 619 998 fuere,
631 950 683 987 nou
696 939 756 986 aule
768 933 834 986 lucis
844 934 943 986 exitum
957 933 1112 988 desinerent.
1136 937 1170 986 At
1182 933 1291 987 constit.

123 1020 214 1088 Δροσί.
230 1018 276 1071 lib.
290 1037 314 1073 ν.
337 1034 395 1088 cap.
409 1037 483 1072 rvrrr.
507 1035 578 1072 nona
595 1020 636 1074 rel
654 1035 764 1088 uespera
786 1035 832 1088 pro
855 1019 982 1087 cujusque
1000 1019 1098 1072 viribus
1116 1019 1188 1071 vesei
1201 1019 1289 1088 jubet:

120 1099 143 1154 έν
156 1103 182 1156 δὲ
195 1105 248 1164 ταῖς
261 1102 359 1164 λοιπαῖς
376 1107 429 1164 ταῖς
442 1103 489 1174 προ
502 1107 544 1170 τῆς
557 1107 711 1174 παρασκευῆς
724 1101 808 1170 ἐνάτην
827 1103 902 1173 ὥραν,
919 1105 934 1170 ἢ
952 1101 1056 1172 ἑσπέραν
1069 1103 1170 1164 ἕκαστος
1182 1101 1290 1171 ἐσθιέτω,

119 1189 134 1253 ἢ
159 1186 228 1249 ὅπως
251 1185 279 1240 ἄν
296 1206 330 1250 τις
354 1189 459 1240 δύναιτο.
496 1191 650 1244 Ambrosius
668 1189 751 1244 Serm.
768 1207 844 1243 rrvr:
868 1189 937 1257 lieqe
959 1207 1014 1254 ooo,
1031 1193 1135 1258 framea
1153 1194 1289 1251 consumi,

118 1283 146 1324 ut
167 1279 194 1325 ιἰι
221 1279 269 1326 iate
288 1276 397 1342 legitime
416 1283 539 1345 tempore,
562 1281 673 1345 exceptis
691 1277 819 1328 dominica
838 1284 862 1327 st
884 1275 991 1327 saetoso
1009 1275 1108 1340 diebus,
1132 1276 1214 1326 nullus
1231 1285 1289 1326 aare

121 1377 215 1412 uenam
230 1361 362 1429 prandere
375 1369 538 1430 praesecaret,
562 1363 613 1412 oe'ss'
627 1365 698 1430 sorte
720 1379 789 1431 quem
802 1361 924 1428 jejunare
942 1362 1077 1428 infirmitas
1094 1379 1143 1413 oea
1158 1365 1288 1430 permittit·

124 1443 193 1504 Quia
212 1445 274 1497 aliie
291 1446 378 1498 diebos
388 1448 511 1514 jejunare
529 1457 574 1498 eat
591 1448 739 1510 remedium,
758 1455 804 1497 aut
816 1449 959 1514 proemium
977 1457 1026 1509 ert,
1044 1450 1071 1497 ιἰι
1088 1449 1287 1514 quadragesima

117 1547 178 1582 aere
197 1548 246 1582 aea
257 1533 381 1600 jejunare
396 1541 530 1600 peccatam
543 1541 586 1586 cst.
621 1529 671 1594 Qui
682 1530 787 1600 quidem
799 1547 885 1584 sermo
898 1530 1005 1583 totidem
1018 1531 1103 1584 verbis
1116 1530 1185 1602 apud
1197 1531 1287 1599 hugu-

118 1615 217 1674 stiuum
240 1615 348 1685 legitur,
372 1623 463 1686 estque
481 1617 572 1671 Sermo
595 1616 627 1669 de
645 1617 735 1686 Temp.
749 1633 812 1669 arn.
848 1614 900 1671 Sed
924 1614 956 1668 de
974 1616 1086 1669 sabbate
1104 1617 1213 1670 verbnm
1230 1617 1287 1669 uul-

116 1700 180 1754 lum.
217 1699 268 1756 Sed
285 1699 334 1754 hoo
351 1702 436 1755 solum
454 1711 483 1754 et
499 1708 610 1772 exceptis
628 1705 761 1755 dominicis
782 1703 868 1754 diebus
885 1703 967 1753 ealles
981 1703 1113 1771 ρναιιιίενο
1129 1713 1287 1771 praesumot.

118 1783 194 1848 Quod
217 1786 286 1838 idem
304 1792 343 1839 est
362 1801 392 1839 ac
410 1787 433 1839 si
451 1792 512 1840 ants
530 1803 624 1841 nonam
643 1788 714 1841 vesci
732 1785 886 1857 prohiberet.
923 1785 991 1850 Quia
1008 1786 1147 1857 prandium
1165 1795 1224 1840 ante
1241 1787 1287 1840 ho-

116 1887 172 1924 ram
197 1877 300 1924 saxtam
322 1873 482 1942 capiebatur.
517 1873 581 1926 Vide
600 1875 710 1942 August.
727 1873 809 1943 Epist.
833 1891 941 1925 nrrxvr.
976 1873 1015 1926 lta
1032 1871 1174 1925 Cassianus
1193 1873 1285 1926 Gollat.

116 1973 171 2010 ται.
193 1971 248 2026 cap.
262 1973 338 2011 rxrrr.
364 1958 406 2010 rel
423 1957 544 2011 Theonas
570 1959 640 2028 apud
657 1959 730 2010 illurn
749 1957 884 2023 admonet,
908 1963 937 2010 ut
959 1958 985 2010 in
1004 1958 1094 2011 diebus
1112 1957 1187 2011 lestis
1207 1959 1286 2023 cibas,

117 2045 161 2110 qar'
177 2041 244 2093 dora
262 2044 315 2094 diei
332 2061 399 2094 nona
409 2047 503 2111 suerat
520 2047 674 2113 capiendus,
688 2045 770 2113 paulo
788 2047 871 2106 eilias,
889 2045 918 2094 κἰί
930 2053 1049 2096 estaesta
1066 2044 1132 2096 liora
1146 2063 1197 2113 pre
1207 2047 1284 2112 serii·

115 2130 206 2178 vitatis
229 2136 339 2197 tempore
360 2133 490 2197 capiatur.
531 2131 564 2180 At
587 2130 679 2198 priscis
697 2129 858 2198 temporibus
881 2145 934 2180 uon
957 2133 1017 2181 ante
1040 2145 1176 2198 vesperam
1197 2129 1284 2182 eibum

118 2227 211 2282 capere
229 2219 432 2278 consueverant,
454 2213 482 2266 id
503 2213 572 2284 qued
595 2214 701 2283 insuper
717 2212 854 2283 Theophili
872 2213 1043 2266 Alexandrini
1065 2215 1137 2268 locus
1160 2214 1203 2267 ille
1222 2229 1282 2267 con·

114 2295 215 2361 firmat,
238 2313 316 2368 quern
329 2315 408 2369 sopra
420 2297 598 2354 discussimus.
624 2299 796 2369 Posteaquam
815 2315 877 2352 rere
889 2298 922 2351 ad
938 2297 1030 2352 heram
1048 2315 1144 2352 nonam
1163 2299 1284 2368 vescendi
1298 2309 1370 2360 asse.

114 2387 218 2452 tempus
237 2397 376 2454 arespera
391 2385 547 2438 translatum
565 2392 619 2450 est,
635 2390 691 2438 tum
704 2386 835 2438 sublatum
848 2385 915 2438 illud
927 2385 1065 2438 discrimen
1078 2386 1196 2450 arbitror,
1215 2385 1283 2454 quod

111 2465 248 2520 'hactenus
270 2469 485 2523 intercalationes
509 2475 535 2524 et
553 2470 655 2541 jejunia
676 2470 758 2523 luisse
779 2470 901 2523 uidimus.
935 2470 1050 2540 Indeque
1071 2477 1112 2523 est
1136 2470 1206 2540 quod
1223 2471 1283 2524 Ans·

117 2551 220 2606 brosius
238 2553 322 2607 Serm.
336 2571 427 2609 xxxvi.
441 2555 543 2626 jejunia
560 2557 773 2624 quadrupesimae
790 2559 912 2609 stabelaco
929 2556 1055 2626 appellari
1073 2555 1147 2609 dixit

94 2699 97 2704 Ι
181 2635 228 2690 Ἔν
246 2655 294 2690 τισι
306 2637 332 2691 δὲ
344 2641 429 2701 τόποις
447 2644 488 2708 τῆς
501 2641 561 2712 μετὰ
573 2640 616 2707 τὴν
628 2640 760 2711 πέμπτην]
782 2638 977 2709 Ἀπονηστισμος
996 2647 1036 2694 est
1041 2643 1138 2709 jejunii
1147 2643 1245 2706 relatio,
1257 2652 1283 2693 et

112 2722 316 2788 ἁπονηστίζεσθαι
321 2727 447 2794 jejumum
465 2729 570 2781 solvere.
593 2725 647 2780 Neo
665 2727 740 2780 aliter
757 2727 783 2779 in
798 2726 897 2780 Graeco
910 2727 1043 2797 Hippolyti
1056 2727 1161 2780 Ganone
1173 2725 1281 2779 verbum

111 2808 176 2861 illud
195 2809 335 2880 accipitur,
353 2827 411 2864 cum
431 2813 479 2865 ait:
499 2809 701 2879 ἀπονηστίζεσθαι
719 2809 744 2862 δὲ
763 2811 799 2862 brt
816 2805 845 2862 οὗ
864 2811 892 2862 ἂν
910 2809 1002 2882 ἐμπέαη
1022 2812 1131 2879 septasol.
1167 2810 1281 2864 Tametsi

111 2893 231 2964 Scaliger
248 2896 275 2948 in
287 2894 362 2950 Notis
379 2898 411 2949 ad
430 2899 503 2950 illum
516 2897 649 2950 Ganouem
668 2893 868 2960 ἀπονηστίζεσθαι
886 2901 961 2966 putat
983 2913 1040 2949 esse
1058 2899 1201 2964 ιναυςίενεε
1211 2898 1280 2966 jeju-

111 2983 188 3034 niam.
224 2978 299 3043 Quod
317 2982 425 3035 minime
446 2982 568 3052 procedit.
603 2983 718 3050 Tempus
746 2997 808 3035 sero
831 2980 990 3034 dissolvendi
1008 2981 1115 3051 jejunii,
1138 2982 1193 3033 sive
1216 2981 1279 3034 hora

110 3068 154 3116 τοῦ
183 3062 366 3136 ἀπονηστισμοῦ
383 3069 520 3138 multiplex
547 3068 604 3121 fuit.
640 3066 749 3120 Constit.
776 3065 858 3119 clem.
884 3066 928 3119 lib.
947 3085 972 3120 ν.
999 3083 1053 3136 cap.
1075 3085 1141 3120 xrx.:
1186 3065 1230 3135 Τῷ
1254 3065 1280 3118 δὲ

111 3147 230 3220 σαββάτῳ
254 3151 339 3222 μέχρις
361 3151 571 3222 ἀλεκτοροφωνίας
599 3151 781 3222 παρατείνοντες
808 3149 994 3217 ἀπονηστίζεσβε
1016 3148 1202 3220 έπιρωσκοιίης
1225 3154 1279 3220 μιοῖς

109 3239 159 3286 τῶν
180 3235 324 3305 σαββάτων,
346 3236 398 3303 ἥτις
416 3235 466 3289 έστί
484 3236 585 3308 κυριακὴ
604 3235 652 3288 οἰπ“ο
676 3235 778 3308 ἑσπέρας
800 3235 846 3297 ἕως
864 3231 1075 3308 ἀλεκτοροφωνίας
1094 3234 1278 3306 ἆγρυπνοῦντες,

110 3320 150 3372 καί
169 3317 209 3372 ἐπὶ
220 3321 249 3372 rb
262 3321 321 3374 einrb
334 3316 386 3394 ένῇ
404 3321 522 3392 ἐκκλησίᾳ
540 3323 753 3393 συναθροιζόμεναι
771 3325 921 3392 γρηγορεῖτε.
956 3321 1036 3376 dubet
1053 3322 1278 3394 quadragesimale

106 3405 240 3475 jejunium
258 3408 324 3461 solvi
342 3407 374 3460 ad
393 3409 568 3478 gallicinium,
587 3415 616 3461 ut
634 3413 660 3461 et
677 3408 805 3478 superiori
819 3409 910 3478 capite.
933 3405 1073 3476 Dionysius
1086 3408 1278 3461 Alexandrinus

109 3491 141 3545 ad
161 3491 305 3557 Basiliden,
323 3492 489 3564 reprehendit
507 3509 551 3547 eos
569 3494 614 3564 qui
633 3495 711 3564 paulo
730 3499 791 3546 ante
809 3493 920 3546 mediam
940 3500 1042 3546 nectem
1060 3501 1121 3563 post
1137 3493 1276 3548 sabbatum

105 3575 237 3648 jejunium
256 3577 415 3644 dissolvunt,
444 3576 477 3638 ὡς
495 3573 631 3648 ὀλιγώρους
659 3579 698 3630 καί
721 3575 850 3648 ἀκρατεῖς·
874 3577 925 3630 lios
942 3583 1029 3630 autem
1048 3578 1214 3632 commendat
1231 3581 1276 3648 qui

109 3679 194 3734 usque
216 3663 249 3716 ad
270 3671 390 3734 quartam
409 3664 552 3718 custodiam
570 3665 713 3730 susdnent,
736 3679 784 3717 nee
802 3680 848 3716 eos
866 3664 956 3732 magni
973 3663 1107 3718 iaciendos
1125 3665 1162 3716 ait
1179 3665 1224 3734 qui
1243 3681 1276 3717 ex

50 3761 51 3764 ’
108 3748 160 3802 illis
184 3747 290 3820 majoris
312 3748 491 3802 hebdomadae
512 3767 559 3803 sex
584 3750 688 3814 diebus,
711 3750 840 3820 prioribus
863 3757 974 3818 quatuor
997 3750 1052 3802 sine
1072 3750 1173 3820 jejunio
1191 3757 1275 3802 trans-

108 3835 188 3899 actis,
206 3850 366 3905 paraseeuen
385 3843 411 3888 et
428 3836 566 3888 sabbatum
583 3835 640 3889 sine
657 3834 713 3888 ullo
732 3835 791 3887 cibe
809 3833 960 3900 traducunt,
978 3834 1047 3904 quod
1065 3833 1213 3903 ὑπερτιθέναι
1230 3852 1276 3888 no·

109 3921 201 3973 minat.
237 3919 298 3974 Fuit
319 3922 388 3974 enim
406 3918 454 3974 hec
473 3921 603 3974 veteribus
622 3920 776 3973 Christianis
798 3919 938 3982 familiare,
964 3920 1070 3973 biduum
1092 3920 1158 3973 illud
1175 3921 1275 3991 absque

111 4006 171 4058 cibo
190 4021 367 4075 perseverare,
385 4011 412 4059 et
428 4007 456 4058 iu
474 4007 584 4059 eeclesia
601 4007 721 4076 precibus
740 4020 770 4058 ao
788 4005 885 4074 vigiliis
897 4006 1025 4059 insistere.
1060 4005 1141 4058 Sexta
1153 4003 1274 4074 Synodus

108 4090 135 4142 iu
153 4089 242 4143 Trullo
261 4091 323 4144 Can.
336 4105 402 4145 rou:
426 4087 468 4150 τὰς
490 4094 534 4142 τοῦ
552 4090 673 4160 σωτηρίου
697 4087 788 4150 πάθους
810 4088 902 4160 ἡμέρας
924 4087 948 4140 έν
971 4089 1068 4160 νηστεία
1085 4090 1126 4142 καί
1144 4093 1274 4161 προςευχῇ,

109 4173 150 4225 καί
163 4173 288 4236 κατανύξει
301 4174 400 4244 καρδίας
413 4173 583 4235 ἐπιτελοῦντας
593 4173 700 4244 χρὴτοὺς
713 4175 813 4236 πιστοὶις
825 4175 879 4245 περὶ
892 4174 967 4246 μέσας
979 4181 1020 4241 τῆς
1034 4175 1087 4244 περί
1100 4175 1206 4246 τίν-μέγα
1214 4173 1274 4243 σάβ-

109 4257 183 4326 βατον
201 4259 287 4320 νυκτὸς
305 4258 371 4330 ὥρας
389 4257 599 4326 ἀπονηστίζεσθαι,
631 4259 670 4312 Ad
688 4276 754 4330 quae
774 4260 895 4314 Balsamo
913 4260 1025 4324 dubitat,
1043 4276 1076 4313 an
1094 4259 1159 4313 illud
1176 4261 1274 4331 praeci·

108 4344 207 4414 piatur,
225 4345 353 4410 uiduam,
371 4344 441 4415 qnod
459 4350 499 4399 est
517 4344 578 4416 μετὰ
595 4343 638 4412 τὴν
656 4343 771 4416 τετράδα,
790 4345 911 4416 quodque
928 4345 1044 4415 passioni
1056 4347 1194 4417 praecipue
1206 4345 1273 4398 dica-

108 4435 164 4482 tum
187 4436 239 4496 est,
263 4429 379 4499 adusque
401 4430 514 4484 mediam
536 4436 640 4484 noctem
664 4436 725 4484 ante
747 4430 903 4484 dominicam
925 4429 1074 4501 paschalem
1092 4430 1197 4501 jejunes
1214 4447 1272 4502 per·

108 4515 212 4582 sistere,
235 4531 268 4569 an
291 4515 323 4567 de
344 4530 396 4568 uno
420 4515 550 4568 duntaxat
572 4516 681 4570 sabbato
705 4521 838 4580 careatur,
861 4516 889 4569 iu
913 4532 964 4586 quo
986 4515 1094 4585 rIgidior
1111 4531 1143 4570 ao
1159 4517 1273 4570 severior

108 4615 166 4652 esse
179 4600 273 4671 Jejunii
291 4600 429 4670 disciplina
446 4599 545 4656 debeat.

159 4681 204 4735 Ἔν
222 4703 268 4736 τισι
286 4685 312 4737 ti
331 4685 414 4745 τόποις
432 4683 533 4756 λατρεία
551 4689 592 4754 τῆς
612 4684 771 4757 οἰκονομίας]
789 4687 905 4758 Λατρείοιν
924 4690 965 4754 τῆς
984 4685 1136 4758 οἰκονομίας,
1160 4689 1270 4739 divinam

183 4787 247 4838 corp.
260 4788 387 4831 Haereseel.
398 4791 434 4830 ill.
1042 4773 1069 4826 X
