3216 5152
1179 333 1310 390 xxxvii

147 481 187 533 καὶ
202 484 252 543 τοϊς
268 479 356 553 μάγοις
374 481 441 534 οίνοιι
457 500 483 534 τι
495 481 559 554 ὁμοῦ
577 483 617 536 καί
628 481 760 556 ἐμψύχων,
782 484 822 536 καθ
838 479 986 554 ἀφροδισίων
1003 481 1136 558 οίπίχεσθαι
1153 485 1310 558 λατρεύουσιν

147 563 259 636 ύηγίλοις
270 567 312 620 καὶ
323 568 444 639 θαίμοσιν.
467 569 534 622 Hinc
546 569 624 623 Ocno.
635 569 715 622 Laod.
730 569 794 625 Can.
805 587 885 625 xxxv.
908 567 967 622 Ὅτι
979 570 1008 622 ού
1021 572 1059 623 δεῖ
1069 572 1227 642 Χριστιανούς
1236 569 1310 644 ἔγκα-

148 651 266 705 ταλείιτειν
282 651 325 720 τὴν
337 651 467 720 ἐκκλησίαν
483 658 527 706 τοῦ
538 646 609 724 θεοῦ,
627 655 668 708 καί
679 653 786 724 ἀπιέναι,
803 655 843 707 καθ
859 653 980 726 ἀγγίλοιις
993 651 1132 727 ὀνομάζειν,
1150 657 1190 709 καθ
1202 656 1308 720 mettere

148 741 223 790 ποινίν
234 743 284 794 etc.
320 739 391 803 Quae
403 741 556 810 augelorum
568 736 689 811 ὀνομασία
700 741 734 794 ad
744 756 883 810 magorum
894 742 1049 812 prassu'giaa
1061 743 1309 815 supersticiososque

147 822 231 876 cultus
242 823 333 878 reierri
345 825 428 878 debet.
453 823 487 878 Ut
497 830 524 878 et
534 827 598 879 illud
610 825 684 880 Pauli
696 825 728 879 ad
741 826 840 880 Goloss.
853 844 874 882 ο.
888 827 917 879 2:
939 826 1022 897 μηδείς
1034 826 1095 897 ὑμᾶς
1107 827 1309 898 καταβραβευέτω

146 905 223 959 θίλων
235 905 261 960 dv
273 911 481 982 ταπεινοφροσύνῃ
499 911 539 962 καί
552 911 666 982 θρησκεία
677 913 726 964 τῶν
738 908 859 982 ἀγγέλων.
891 911 931 965 Ex
948 929 1000 982 quo
1016 912 1080 966 illud
1092 919 1212 984 apparet,
1230 931 1309 985 quam

145 993 230 1064 inepte
241 995 277 1048 ab
294 993 430 1050 haereticis
442 996 474 1048 ad
486 995 648 1050 stolidissimi
665 998 758 1050 erroris
769 997 943 1068 patrocinium
958 1004 1067 1068 uterque
1077 999 1121 1051 ille
1132 999 1206 1053 locus
1217 999 1308 1053 affera-

142 1083 190 1134 tur.
213 1081 313 1134 Mirum
324 1087 364 1134 est
374 1098 435 1135 reru
447 1083 517 1152 qued
534 1083 561 1136 in
572 1081 760 1138 Ecclesiasticis
772 1083 916 1136 Annalibus
927 1079 1037 1153 legitur,
1053 1082 1085 1136 de
1096 1084 1142 1136 ilia
1153 1086 1307 1156 angolorum

141 1163 256 1236 θρησκείᾳ
266 1167 366 1224 nullam
383 1167 416 1220 ab
428 1166 573 1238 Epiphanio
586 1169 744 1222 mentionem
756 1185 813 1221 esse
824 1168 929 1221 laeum.
953 1167 1019 1232 Quid
1031 1170 1101 1222 enim
1120 1171 1214 1224 clarius
1227 1187 1306 1241 quam

140 1250 207 1321 quod
218 1251 380 1323 Epiphanius
391 1252 440 1306 hoe
451 1253 509 1308 loeo
520 1259 609 1310 narrat
620 1254 753 1308 Simonem
765 1254 920 1324 angelorum
934 1254 1023 1307 necno
1040 1271 1105 1326 quas
1118 1257 1305 1326 appellationes

140 1353 194 1390 sese
210 1343 403 1404 commentum,
426 1340 560 1392 usualiter
580 1341 690 1393 obtineri
706 1355 784 1409 posse
803 1339 916 1392 salutem
936 1355 1108 1405 asseverasse,
1120 1332 1234 1411 quamsi
1247 1343 1305 1412 quis

140 1437 240 1476 summo
252 1422 355 1476 Potenti
366 1441 412 1494 per
423 1424 529 1478 easdem
539 1425 598 1478 illae
608 1424 753 1478 Potestates
766 1441 796 1478 ao
805 1423 1003 1480 Dominatioues
1015 1425 1172 1479 sacrificium
1183 1425 1304 1480 offerret?

139 1506 178 1562 hrt
188 1525 243 1561 non
254 1506 318 1562 haec
330 1514 371 1562 eet
382 1509 496 1581 θρησκεία
507 1512 556 1561 τῶν
569 1508 700 1580 dapidus?
741 1511 748 1520 '

206 1593 312 1648 Atenim
324 1594 444 1664 angelos,
457 1611 522 1666 quos
534 1596 626 1650 mundi
637 1595 783 1648 conditores
794 1595 868 1660 iecit,
889 1596 1030 1649 detestatus
1043 1602 1084 1649 est
1095 1595 1186 1650 Simon
1198 1599 1304 1668 suisque
1329 1622 1350 1661 p.
1364 1611 1395 1651 ει.

138 1679 218 1732 vetuit
235 1679 360 1750 προςίχειν
383 1680 490 1750 τούτοις,
512 1686 541 1736 ut
557 1681 594 1734 ait
609 1679 736 1734 Theodor.
753 1685 780 1734 et
795 1679 925 1734 irenaeus.
960 1679 1010 1744 Qui
1025 1681 1107 1752 igitur
1122 1683 1253 1747 convenit,
1274 1689 1305 1736 ut

139 1763 265 1833 θρησκείαν
279 1765 332 1818 illis
349 1763 513 1819 adhibuerit?
540 1766 592 1820 Sed
603 1766 726 1820 nimirum
739 1772 876 1836 utrumque
893 1783 984 1820 rerum
1004 1771 1052 1820 est.
1081 1768 1196 1837 Angelos
1213 1769 1305 1822 mundi

137 1849 283 1903 conditores
295 1851 497 1905 contemnendos
514 1867 571 1905 esse
587 1851 675 1905 docuit
690 1839 809 1916 eatenus,
825 1856 855 1904 ut
872 1869 951 1922 supra
967 1852 1027 1905 illos
1039 1852 1193 1906 attollendos
1205 1870 1234 1906 se
1246 1871 1304 1908 esse

137 1935 279 2000 crederent,
291 1941 318 1988 et
328 1935 361 1988 ad
373 1953 505 1990 summum
516 1938 590 1990 illum
598 1937 702 1990 Patrem
714 1953 867 2001 emersuros,
879 1953 910 1990 ac
921 1937 1091 1990 nihilomiuus
1103 1943 1199 2002 tamen,
1212 1955 1303 2008 quam·

137 2021 178 2074 diu
190 2021 217 2074 in
229 2021 280 2074 hac
292 2021 345 2076 rita
356 2022 493 2092 degerent,
511 2023 663 2077 execrandis
675 2023 725 2076 illis
737 2023 868 2093 mysteriis
879 2039 910 2076 ao
921 2023 1013 2076 ritibus
1024 2023 1180 2093 placandos,
1196 2041 1230 2076 ue
1241 2040 1302 2078 ero·

136 2105 219 2160 lantes
236 2123 251 2159 e
269 2107 421 2177 corporibus
433 2110 533 2162 animas
550 2126 597 2179 pro
609 2125 657 2162 suo
669 2109 725 2162 iure
742 2110 888 2162 retinerent
912 2108 987 2173 Quod
1000 2108 1119 2162 Gnostici
1133 2110 1302 2178 postmodum

136 2193 307 2263 arripuerunt.
332 2191 447 2256 Quorum
457 2195 521 2248 illud
533 2201 601 2259 erat,
619 2195 648 2246 τὰ
660 2193 763 2264 σαρκικὰ
774 2198 824 2254 τοῖς
835 2197 958 2264 σαρκικοῖς
970 2190 1115 2248 ἀποδοτέον.

201 2275 237 2328 Ἢ
247 2276 293 2328 τίνι
305 2281 341 2348 τῷ
354 2276 426 2350 λόγῳ
438 2278 467 2331 rb
479 2278 608 2348 ἐπίθετον]
625 2279 692 2344 Quid
704 2280 809 2333 tandmn
820 2279 870 2334 sibi
881 2281 938 2332 ruit
948 2275 1125 2350 Epiphanius?
1134 2279 1220 2349 Negat
1231 2281 1302 2335 euim

135 2361 269 2417 Simonem
279 2363 360 2417 uliam
371 2365 422 2418 sibi
433 2367 633 2436 appellationem
644 2365 778 2420 indidisse.
806 2366 841 2419 at
857 2366 915 2436 quis
927 2367 950 2418 is
966 2367 1045 2418 trium
1063 2366 1114 2418 sibi
1128 2381 1299 2436 personarum

135 2449 241 2502 uomina
251 2449 413 2516 vindicabat,
430 2457 457 2504 et
468 2451 567 2521 δύναμιν
580 2453 646 2505 iuter
658 2457 743 2505 cetera
755 2452 812 2504 θεοῦ
824 2467 881 2505 sese
890 2451 1056 2517 nominabat,
1073 2451 1121 2505 boc
1138 2457 1188 2516 est,
1206 2457 1235 2506 ut
1250 2468 1299 2524 ego

134 2531 301 2604 interpreter,
313 2535 355 2588 dei
365 2535 458 2592 filiurn.
482 2537 547 2592 Vide
557 2537 624 2594 Iren.

199 2619 242 2672 Ἐν
256 2619 317 2690 μίση
330 2625 359 2692 τῇ
371 2624 421 2673 τῶν
433 2621 565 2693 Ῥωμαίων
577 2622 668 2691 πόλει]
689 2623 762 2677 Hauc
772 2623 908 2678 historiam
924 2629 1023 2678 veteres
1036 2639 1127 2677 omnes
1138 2623 1228 2678 Patres
1239 2630 1300 2696 post

134 2703 264 2760 Iustinum
281 2705 409 2774 reserent,
428 2709 570 2774 Eusebius,
588 2708 711 2779 (iprlllus,
728 2716 755 2762 et
766 2711 817 2763 alii.
850 2709 901 2764 Sed
918 2710 949 2762 de
962 2715 1049 2762 statua
1061 2709 1162 2762 Simoni
1179 2710 1300 2763 cumbae

132 2791 302 2862 inscriptione
312 2793 410 2863 posita,
422 2793 542 2848 emerui
558 2793 625 2848 1)Εο
643 2793 788 2860 SANGTO,
805 2796 843 2848 rir
855 2796 960 2866 qnidam
972 2795 1088 2848 eruditus
1101 2795 1242 2861 addubitat,
1254 2797 1299 2866 qui

133 2876 261 2931 Iustinum
274 2876 402 2933 Graecum
410 2879 542 2934 hominem
555 2896 639 2934 errore
651 2880 787 2952 deceptum
799 2886 882 2952 putat,
894 2898 954 2934 oum
966 2881 1101 2950 vulgarem
1113 2881 1184 2933 illam
1196 2896 1226 2932 ae
1238 2897 1298 2950 pas·

27 2979 30 2990 ·
132 2963 181 3017 sim
192 2969 329 3018 extantem
339 2961 475 3036 ίπιηραρην
486 2966 594 3036 legisset
605 2965 733 3020 SlihiONl
744 2965 811 3020 1)Εο
824 2964 969 3031 SANGTO,
981 2957 1115 3020 Simonem
1127 2982 1173 3036 pro
1186 2964 1298 3020 Samene

84 3044 89 3052 ’
131 3051 271 3124 accepisse.
295 3049 368 3115 Quae
378 3049 443 3106 mihi
454 3053 602 3106 coniectura
613 3068 675 3106 sane
687 3051 828 3124 probabilis
840 3059 880 3105 est
890 3053 954 3104 risa.

345 3207 391 3260 ho
408 3207 582 3263 mahhelm
598 3207 693 3273 xxii,
710 3205 801 3271 Quen
818 3207 881 3262 EST
897 3205 1086 3261 mensumn.

198 3307 238 3363 De
250 3308 393 3364 Menandro
405 3310 502 3366 Tertul.
521 3311 552 3364 de
569 3311 683 3364 Praeser.
700 3327 722 3364 c.
735 3327 805 3363 xcvi.
838 3309 901 3362 Post
915 3309 982 3362 dunc
997 3309 1141 3363 Μεσσηνίαν
1158 3311 1297 3381 discipulus

131 3396 211 3460 ε’ίίίιιε,
223 3397 341 3449 similiter
352 3414 452 3465 ιιισραε,
466 3399 553 3450 eodem
567 3399 654 3450 dicens
665 3413 729 3467 quae
740 3395 825 3451 Simon
836 3401 898 3466 ipsc,
911 3399 1031 3465 quicquid
1045 3395 1168 3448 aesimon
1186 3397 1295 3460 ἅίασνον,

131 3480 177 3532 doc
188 3499 215 3534 se
227 3481 371 3535 Menander
387 3499 439 3536 esse
451 3483 563 3547 dicebat,
581 3501 677 3552 negans
689 3481 783 3534 bebere
794 3501 931 3552 quenquam
938 3501 1015 3553 posse
1030 3484 1136 3534 salutem
1153 3485 1204 3532 ιιίνί
1214 3485 1240 3533 in
1253 3501 1296 3534 no·

131 3571 195 3619 mine
205 3585 251 3620 εαο
263 3567 513 3638 lapnsamssnisset.
524 3567 590 3623 Vide
600 3567 695 3624 horeb.
708 3567 753 3621 lib.
765 3567 809 3624 ΙΙΙ.
820 3567 886 3623 liist.
903 3583 959 3640 cap.
972 3567 1021 3632 20,
1033 3567 1162 3622 Iustinum
1174 3567 1250 3638 Apol.
1263 3565 1295 3632 2,

130 3651 250 3722 August,
259 3649 367 3707 Philast.
379 3659 427 3707 etc.

196 3737 229 3791 N.
241 3756 259 3791 r.
284 3732 334 3799 Ὃς
350 3733 399 3790 iet
417 3737 574 3811 Σαμαρειτῶν
592 3737 756 3811 ὁρμώμενος]
783 3739 910 3794 Iustinus:
930 3737 978 3792 ίιπθ
997 3739 1081 3810 κώμης
1097 3733 1294 3809 Καππαρεταίας.

130 3821 319 3878 Theodoretue:
332 3820 380 3876 ἆπθ
392 3819 487 3894 Χαβρᾳλ
498 3823 583 3895 κώμης
595 3825 661 3878 οθτω
673 3825 832 3897 καλουμένης.

197 3907 302 3962 Ἐαοτθν
315 3907 341 3961 ei
352 3905 421 3980 ίλεγε
433 3909 553 3980 δύναμιν]
594 3911 674 3981 Atqui
689 3912 755 3967 iren.
776 3913 851 3965 libr.
872 3927 928 3982 cap.
941 3929 995 3964 και.
1016 3911 1107 3964 scribit
1121 3908 1294 3964 Menandrum

132 3991 232 4048 dixisse
243 3994 355 4065 primam
366 3997 489 4050 umatum
500 3996 661 4066 incognitam
671 3998 792 4051 omuibus
804 4013 869 4064 esse,
881 4013 910 4050 aa
922 4013 983 4050 uero
995 3997 1028 4048 ad
1036 3995 1172 4048 homiuum
1183 3995 1294 4050 saluum

131 4079 164 4132 ab
179 4080 282 4150 angelis
298 4097 356 4134 esse
372 4083 491 4136 mbsum.
527 4081 611 4144 Quare
627 4098 680 4136 nou
693 4081 802 4153 μεγάλην
817 4084 890 4138 illam
907 4098 936 4136 se
956 4098 1012 4135 esse
1030 4081 1130 4151 δύναμιν
1150 4081 1294 4134 asseruisse

131 4165 243 4232 ridetur,
255 4170 285 4220 ut
295 4167 378 4239 ipsius
388 4168 516 4238 magister
527 4173 554 4220 et
564 4169 658 4222 erroris
670 4167 838 4234 architectus,
855 4168 901 4221 sed
912 4167 1040 4222 minorem
1051 4166 1191 4237 quandam.
1218 4165 1293 4230 Quod

133 4255 158 4302 et
173 4251 268 4306 diserte
285 4250 412 4308 Theodor.
433 4254 533 4306 asserit.
560 4251 664 4305 Ἓσιιιτθν
681 4252 719 4322 ei,
736 4255 832 4324 inquit,
846 4252 875 4304 ού
884 4251 927 4320 τὴν
939 4251 1039 4324 πρώτην
1052 4251 1166 4322 ὠνόμασε
1182 4252 1291 4322 δύναμιν.

131 4331 274 4406 Ἀγνωοτον
290 4336 337 4408 γὰρ
350 4334 424 4408 ίρησε
435 4339 533 4405 ταύτην·
546 4335 603 4391 ἀλλ’
615 4337 653 4391 ἐπ’
665 4336 754 4404 ἐκείνης
766 4336 915 4390 ἀπεστάλθαι
927 4337 1106 4408 βρενθυόμενος.
1131 4337 1205 4402 Quod
1221 4339 1244 4392 si
1255 4338 1292 4390 ita

131 4425 181 4486 est,
202 4423 248 4492 qui
263 4439 354 4477 rerum
368 4441 426 4478 essa
441 4429 528 4494 potest
545 4425 613 4496 quod
629 4425 734 4478 subiicit
743 4424 914 4496 Epiphanius,
934 4425 1058 4478 maiorem
1075 4441 1103 4478 se
1118 4423 1290 4480 Menandrum

132 4512 293 4563 mtecessors
309 4525 356 4564 sno
368 4525 399 4563 ac
410 4517 576 4581 praeceptore
587 4513 712 4564 hctasmi
730 4509 786 4563 Nisi
796 4511 863 4564 iorte
874 4510 1004 4564 mendacii
1018 4508 1067 4563 ha'c
1082 4511 1111 4564 in
1122 4517 1195 4581 parte
1206 4509 1291 4564 Simo·

131 4608 190 4648 uem
205 4609 318 4666 arguens
338 4612 450 4667 eumque
471 4597 498 4650 in
516 4596 632 4652 ordinem
652 4596 785 4667 redigens,
805 4597 855 4652 sibi
870 4597 922 4668 ipsi
937 4596 1067 4652 inferioris
1083 4597 1153 4651 illius
1165 4595 1289 4667 δυνάμεως
