3252 5158
317 387 449 446 Offlli

315 546 404 615 itaque
413 541 447 606 ὡς
456 541 596 614 Ἐπτρόνισς
606 542 669 596 κατὰ
677 543 804 614 Καθαρῶν.
821 543 970 600 Ridiculum
982 550 1022 598 est
1032 545 1113 615 igitur
1121 543 1263 600 absurdum
1271 543 1347 600 illum
1354 543 1485 600 veslieudi

316 646 416 683 morem
428 647 462 684 ex
473 627 618 701 Epiphsuio
630 629 781 683 Novetienis
793 629 885 694 tribui,
897 629 929 684 de
941 647 992 700 quc
1004 645 1140 701 nunquam
1152 631 1285 700 cogitarit.
1319 629 1350 684 ln
1363 629 1484 686 Glocsie?

317 713 449 768 sumendi
459 715 491 768 de
503 709 645 786 όδωναρίοες
657 714 721 768 illud
733 715 845 786 amplius
857 715 972 770 exiebat.
994 713 1127 786 Ὂδονόερεα
1139 721 1166 770 el
1177 711 1274 784 όδόνεα,
1287 713 1422 787 ὑφάσματα
1433 713 1484 768 ἐπτ-

316 799 395 870 μνίαη,
408 798 423 852 δε
435 801 476 854 ταί
487 795 574 871 όρόρεα
586 797 652 870 παρὰ
664 802 736 852 τινῶν
748 799 851 870 λίγεταε·
864 803 942 854 ταῦτα
959 799 985 852 tl
997 797 1020 852 ol
1032 798 1063 862 είς
1075 801 1104 852 τό
1117 798 1240 854 uulnus
1252 798 1360 862 είςίοντες
1372 799 1484 872 συγαλνγ-

313 903 376 938 ruer
393 883 572 956 ἐπιφερόμενοι,
590 882 614 938 ίν
632 884 716 946 αὐτοῖς
734 884 775 936 rol
791 881 959 956 ἂπεμόττοντο
976 885 1016 938 καί
1032 883 1174 953 εἰπίπτυον.]
1209 884 1407 940 Οδεεττιαόσετε
1418 903 1482 940 τετυ

314 971 389 1023 πόδια
400 971 449 1040 (ite
461 971 531 1024 enim
543 969 592 1024 hoc
604 971 662 1024 loco
671 971 723 1040 leg.
734 987 780 1041 pro
790 970 872 1040 πίδεα)
884 987 944 1025 eum
957 967 1067 1032 όδωνίοις
1079 977 1106 1024 et
1117 969 1216 1040 βρόααις
1227 972 1375 1042 promiscue
1386 972 1482 1042 accipi;

313 1057 361 1112 etsi
373 1057 476 1128 proprie
485 1057 560 1108 πόδεα
574 1056 683 1127 pedum,
699 1053 787 1126 βρίααι
802 1056 928 1110 lominum
941 1061 1093 1127 tegumenti
1106 1057 1166 1110 sinu
1191 1055 1374 1114 Polluxlihn.
1384 1073 1482 1129 ceput.

313 1143 401 1195 ποδίῖα
411 1143 501 1196 scribit
511 1158 569 1196 esse
580 1141 637 1201 colar
650 1141 704 1210 περί
715 1143 766 1200 τοῖς
778 1141 837 1193 ποσί
848 1139 947 1210 πίλους,
966 1157 1033 1212 quae
1044 1140 1174 1211 eschylus
1190 1141 1300 1213 uilurpu
1316 1149 1400 1198 vocat
1436 1143 1482 1198 Sic

312 1227 423 1298 Hesych.
441 1226 526 1298 βρόοιες
543 1225 687 1297 ἀναξυρίδες.
715 1225 748 1279 Et
758 1226 821 1280 alibi
832 1222 969 1296 ἀναξυρίδες
982 1224 1115 1296 φημινόλια
1127 1225 1214 1297 βρααία
1226 1226 1376 1298 βαρβαρικὰ,
1388 1225 1483 1297 ishun

313 1313 397 1365 ποδῶν
409 1311 557 1382 ὑποδήματα
569 1311 671 1380 βαδίαῆ
688 1310 808 1380 βασιλικὰ.
843 1310 893 1364 Ubi
902 1308 1057 1382 ἀναξυρίδας,
1069 1327 1136 1382 quae
1146 1312 1282 1366 femoralia
1293 1319 1368 1378 suni,
1380 1314 1482 1367 calcea-

312 1405 402 1452 menta
412 1413 517 1469 quoque
528 1397 602 1463 iecit,
615 1396 756 1468 etquidem
768 1396 856 1466 βαδία,
868 1402 899 1450 ut
909 1412 925 1450 ε
936 1397 1014 1450 soleis
1027 1396 1182 1467 distinguet,
1198 1411 1265 1468 quae
1276 1398 1372 1468 plantis
1383 1397 1482 1470 pedum

313 1484 471 1556 suppositus.
505 1483 583 1537 Porro
600 1482 671 1552 qnod
687 1482 724 1536 ait
734 1481 893 1552 Epiphanius
910 1479 940 1536 cir
952 1479 977 1541 ίξ
987 1479 1091 1552 ίματίων
1107 1483 1267 1553 γεγενημίνα,
1283 1499 1333 1537 noe
1349 1483 1422 1555 ίρίων
1438 1484 1483 1538 rel

313 1569 449 1640 δερματίων
458 1567 597 1640 nliqnendo
606 1569 658 1638 leg.
669 1567 827 1622 censuimus.
846 1567 898 1622 Sed
906 1568 1015 1621 tortasse
1025 1567 1129 1622 retineri
1138 1569 1219 1622 setius
1231 1575 1284 1634 est,
1296 1575 1326 1622 ut
1335 1567 1421 1640 ίμότια
1432 1585 1481 1640 pre

312 1656 406 1726 pennis
418 1662 562 1718 sumantur,
574 1669 641 1724 quse
653 1658 694 1706 est
703 1653 833 1723 impilium
844 1654 954 1706 istorum
963 1652 1130 1723 udonumque
1141 1653 1258 1707 materia.
1280 1653 1339 1708 Non
1353 1655 1425 1708 enim
1440 1655 1482 1708 la·

312 1743 380 1795 ecies
391 1741 497 1812 pedulru
508 1739 550 1794 hic
562 1756 620 1793 esee
632 1744 708 1810 puto,
726 1737 771 1791 scd
785 1737 861 1806 βαδία
873 1737 1032 1808 ίποδνίματα,
1049 1736 1099 1792 hoc
1110 1745 1151 1792 est
1161 1755 1251 1793 soccos
1263 1739 1366 1806 laneos,
1382 1739 1481 1811 quibus

311 1829 466 1892 calceantur,
477 1841 530 1880 non
541 1825 716 1878 obvolvuntur
724 1823 811 1894 pedes.

379 1912 411 1968 N.
422 1931 479 1968 xm.
498 1907 556 1964 Ἔτι
565 1909 592 1963 δί
604 1908 627 1961 ol
638 1907 663 1961 ίν
675 1914 704 1980 τῇ
717 1907 838 1981 'ippum
856 1910 894 1963 De
905 1909 1049 1964 Donatistis
1060 1909 1192 1963 levissime
1203 1909 1352 1982 defungitur
1363 1909 1481 1982 Ερίρίια·

311 1999 384 2064 τείσας
396 1997 466 2068 qnod
477 1997 580 2050 illorum
589 1995 707 2049 iortaseis
716 2008 815 2048 errores
823 1993 893 2049 hand
902 1996 965 2048 sctis
974 2001 1144 2066 compererit,
1162 1996 1240 2066 Atqui
1250 2003 1351 2066 praeter
1361 1996 1480 2050 schim

222 2125 226 2140 .
311 2091 338 2138 et
348 2085 506 2154 pertinacem
518 2097 534 2134 e
544 2081 651 2150 reliquie
663 2082 838 2134 secessionem
848 2081 977 2134 nonnulla
987 2079 1018 2132 de
1029 2081 1062 2134 iis
1074 2081 1215 2150 peculimic
1225 2081 1276 2134 dici
1287 2089 1401 2152 possent
1425 2081 1481 2136 ed

312 2187 346 2224 ex
358 2169 458 2240 Optati,
477 2166 617 2237 Augustini
633 2166 796 2238 aliorumque
812 2167 916 2236 scriptis
932 2173 988 2220 turn
1005 2182 1039 2220 ex
1055 2165 1154 2220 Eccles.
1165 2165 1308 2222 Annsllbus
1323 2168 1378 2238 peu'
1388 2169 1481 2222 σταίη

311 2261 428 2326 possunt.

211 2445 233 2486 ρ.
242 2433 287 2478 ios
599 2425 645 2478 lu
662 2423 836 2480 uiuuusm
851 2424 917 2488 Lx„
935 2422 1189 2478 suoumoouuu.

380 2527 419 2581 De
431 2526 472 2580 his
484 2527 596 2598 August.
610 2525 679 2584 haer.
689 2545 781 2580 xxm.
798 2528 934 2595 Anpelici,
946 2527 1042 2598 inquii,
1054 2531 1081 2579 iu
1094 2529 1238 2596 anpeloruor
1248 2527 1338 2579 cultum
1347 2528 1480 2592 inclinati,

313 2631 373 2684 puoc
385 2611 549 2682 Epiphanius
559 2617 612 2664 c'cm
624 2615 721 2665 omnino
734 2615 855 2680 defecisse
868 2621 981 2666 testatur.
1006 2611 1111 2666 Cultum
1121 2610 1163 2664 hic
1175 2610 1217 2679 τὴν
1227 2610 1338 2682 λατρείαν
1349 2612 1478 2682 intellige.

311 2698 371 2752 Alia
382 2699 432 2749 τῶν
444 2695 593 2768 Ἀγγελοεῶν
604 2697 676 2751 notio
689 2698 723 2751 eb
735 2697 785 2750 loci
796 2697 931 2751 cuiusdam
942 2699 1048 2752 nomine
1059 2713 1165 2770 prorsus
1176 2697 1321 2753 reiiclendn.

575 2885 620 2940 AD
637 2883 810 2940 usuuusm
826 2883 904 2952 ixl,
922 2883 1212 2940 eposionlcouum

378 2987 408 3043 ll.
419 3007 457 3043 πε.
470 2987 515 3040 llcl
525 2985 554 3040 εδ
563 2985 749 3060 ίγαυλίοματα]
767 2987 821 3042 Nos
830 2989 953 3060 pleraque
962 2989 1147 3043 vocabulorum
1159 2990 1268 3042 istorum
1277 2987 1479 3060 explicavimus,

311 3074 441 3144 quomodo
452 3075 593 3144 potuimus.
626 3073 738 3128 Felicior
755 3073 780 3128 id
795 3075 967 3145 praestabunt
977 3075 1022 3128 alii
1033 3075 1128 3145 quibus
1140 3091 1171 3127 es
1182 3074 1285 3128 notiore
1294 3074 1398 3130 luerint
1424 3075 1477 3128 Pro

310 3157 477 3230 ίγκυλίσματα
488 3161 639 3230 suspicabar
650 3160 701 3230 leg.
713 3158 867 3230 χελόσματα,
879 3175 947 3230 quae
959 3165 1021 3212 sunt
1032 3160 1130 3213 Polluci
1140 3159 1184 3214 lib.
1192 3177 1208 3212 ε.
1218 3175 1316 3229 capax.
1326 3165 1477 3213 εεαίυανίπα.

310 3247 342 3298 Δί
355 3262 400 3316 pro
414 3239 501 3314 ὀκνῶν,
520 3241 610 3312 linui,
628 3261 693 3314 quse
705 3245 772 3298 inter
784 3243 884 3295 reuersi
896 3242 969 3310 σαίυη
982 3245 1016 3296 eb
1029 3243 1118 3298 eodem
1131 3251 1314 3315 percensentur
1325 3245 1368 3300 lib.
1378 3262 1404 3298 x.
1417 3261 1476 3316 esp.

309 3348 372 3386 xxx.
397 3329 429 3382 l'lt
440 3329 533 3382 Suides
546 3330 582 3382 ait
593 3345 650 3382 sese
663 3329 691 3380 ri
704 3333 744 3396 τῆς
757 3329 877 3398 πρόπιδος
889 3325 990 3399 ε’κταμα.
1013 3328 1147 3383 Postremo
1159 3327 1238 3400 αὐχὴν
1250 3329 1349 3383 Ροίίσαί
1360 3345 1422 3400 pars
1434 3337 1478 3384 est

309 3415 436 3486 quaedam
449 3416 527 3480 clavi,
544 3415 598 3467 eive
614 3414 792 3483 gubernaculi.
825 3412 961 3468 Eustathio
973 3431 1034 3468 vero
1047 3413 1126 3486 αὐχὴν
1138 3423 1164 3468 et
1175 3413 1286 3487 αίχίνιον
1297 3431 1344 3485 pro
1356 3423 1413 3469 toto
1425 3431 1476 3486 gn·

308 3500 447 3554 bernaculc
459 3501 581 3552 sumitur:
595 3499 665 3568 qnod
678 3497 738 3552 huic
749 3499 806 3552 loco
818 3517 870 3552 non
884 3499 1009 3568 congruit„

377 3585 408 3641 N.
418 3603 454 3638 vr.
472 3585 514 3636 Δεῖ
526 3581 552 3636 δί
565 3583 604 3634 καί
617 3584 751 3654 παραδόσει
763 3585 915 3656 κεχρῆσθαί]
931 3584 1045 3655 Insignis
1056 3582 1097 3638 hic
1108 3585 1182 3639 locus
1193 3584 1226 3638 ad
1237 3585 1475 3642 cecleehslicamn

306 3669 474 3724 traditionum
486 3669 648 3723 autoritatem
662 3668 835 3724 asserendum.
855 3669 904 3724 Oui
912 3685 1052 3739 germanus
1064 3677 1104 3722 est
1114 3669 1157 3722 ille
1170 3667 1260 3722 Basilii
1271 3670 1303 3723 ed
1315 3669 1429 3742 Amplil.
1440 3671 1474 3726 de

262 3775 265 3786 ·
308 3755 405 3827 Spiritu
418 3755 526 3808 Sancto:
543 3756 592 3805 τῶν
604 3751 628 3804 iv
640 3758 669 3823 τῇ
682 3750 800 3824 ίκκληαίᾳ
811 3753 1004 3824 περυλαγμόνων
1017 3751 1149 3825 δογμάτων
1160 3753 1199 3806 καί
1210 3754 1374 3825 κηρυγμάτων
1385 3755 1417 3808 τὰ
1428 3755 1473 3826 μὶν

307 3839 333 3895 is
346 3845 388 3908 τῆς
400 3837 525 3910 ίγγρόρου
537 3837 694 3899 διδασκαλίας
706 3835 803 3909 ἔχομεν,
822 3837 852 3889 τό
864 3837 891 3890 el
902 3837 928 3891 ία
941 3842 982 3905 τῆς
996 3843 1044 3890 τῶν
1056 3837 1202 3892 ἀποστόλων
1215 3840 1374 3910 παραδόσεως
1387 3841 1473 3894 διαδα-

308 3927 378 3978 δίντα
388 3923 446 3995 ἡμῖν
459 3921 482 3976 lo
496 3923 621 3994 μυστηρίῳ
633 3923 821 3993 παραδεξόμεθα·
832 3921 893 3995 ἅπερ
909 3919 1035 3995 ἆμρότερα
1051 3923 1093 3992 τὴν
1110 3923 1184 3992 αὐτὴν
1196 3921 1267 3994 lopiac
1283 3921 1334 3996 ἔχει
1349 3924 1410 3996 πρός
1427 3925 1472 3992 τὴν

308 4011 437 4080 εὐσέβειαν,
449 4009 490 4061 καί
501 4008 595 4069 τούτοις
608 4007 685 4068 οὐδείς
698 4007 800 4078 ἀντερεῖ,
819 4007 880 4070 ictu
897 4027 924 4080 γε
937 4011 981 4078 κᾷν
994 4006 1055 4060 κατὰ
1068 4008 1153 4080 μικρὸν
1161 4013 1221 4079 γοῦν
1233 4007 1329 4079 δεσμῶν
1341 4007 1472 4076 istiusm-

309 4099 398 4148 στιαῶν
416 4099 566 4165 πεπεῑραται.
591 4094 653 4146 Vide
670 4101 778 4146 caetera.
815 4091 863 4148 Ubi
879 4093 1030 4148 traditiones
1047 4112 1099 4148 non
1114 4095 1172 4148 illae
1188 4100 1290 4148 tuntum
1305 4093 1430 4148 adsciscit
1444 4103 1473 4149 et

308 4181 466 4236 necessarias
485 4195 541 4234 esse
560 4179 685 4244 defendit,
707 4195 772 4250 quae
790 4177 822 4230 nd
841 4179 905 4232 ritus
924 4181 1151 4250 caeremoniasque
1168 4180 1308 4250 pertinent,
1325 4179 1372 4232 ced
1389 4182 1471 4234 etiam

308 4283 374 4338 quse
385 4267 509 4338 dogmata
520 4265 581 4318 fidei
592 4281 622 4318 ac
634 4264 735 4318 decreta
746 4265 887 4320 continent.

559 4453 604 4508 AD
622 4453 794 4508 finissem
810 4453 900 4520 nm,
922 4451 1214 4509 smsnnmuouuno

375 4553 407 4610 N.
421 4573 455 4608 εν.
476 4554 522 4608 ’lic
533 4555 625 4626 πατρὸς
635 4555 675 4608 καί
688 4555 760 4624 ineu]
794 4557 900 4627 Aliquot
915 4557 980 4611 locis
996 4555 1156 4627 Epiphanius
1173 4557 1293 4629 spiritum
1313 4563 1467 4612 σεσατεσεε

307 4645 380 4711 petre
392 4645 417 4694 et
427 4639 482 4694 fillo
493 4641 630 4711 procedere
641 4643 776 4712 perspicue
787 4648 904 4708 testetur,
914 4643 1066 4714 praesertim
1076 4643 1105 4697 in
1117 4643 1253 4698 Ancoratc.
