3200 5158
1200 373 1281 429 CXLI

1593 71 1594 98 l

1593 199 1594 226 l

114 523 272 583 neomenlee
283 529 388 583 iuueres
399 529 427 582 in
440 545 476 582 rr.
484 527 544 583 Iulii
556 534 583 582 et
593 545 638 584 vu.
648 528 753 584 Octobr.
764 527 928 594 incidissent,
946 543 1014 598 qnee
1024 533 1066 582 est
1076 527 1226 600 Olympicus
1237 545 1281 599 pe·

114 613 182 668 riodi
190 619 267 669 vetus
280 613 390 686 epoche,
403 630 436 668 ex
446 613 547 684 Gelippi
557 615 715 684 praescripto
728 615 864 684 periodum
878 617 1048 668 retexuerunt
1063 629 1210 685 novemque
1221 631 1282 668 eou-

114 698 238 752 diderunt
250 701 283 754 eb
296 717 364 753 enno
376 699 421 752 illo
433 698 532 769 periodi
542 699 591 754 Iul.
602 699 687 764 4402,
699 700 773 753 cuius
784 697 911 771 epocbem
922 698 1061 754 vn.0ctbr.
1073 698 1114 752 die
1126 699 1281 755 defixerunt.
1593 747 1594 784 ,

114 783 201 848 Quere
210 785 368 839 Macedones
376 783 579 855 Hyperbersmei
586 790 642 838 tem
650 785 783 856 populeris
794 799 872 854 quem
884 785 983 839 luneris
993 783 1159 838 neomeniam
1169 803 1216 838 vm
1226 784 1282 841 Oet

114 867 280 924 inchoarunt.
299 871 362 924 ldeo
374 871 469 924 solare'e
481 875 545 922 anni
553 870 779 939 &evanescentes
784 874 847 940 fissis
858 875 886 922 iss
900 870 1014 924 Octobris
1022 887 1058 926 vv.
1069 871 1174 934 incidit5
1186 887 1282 924 eomer·

114 973 161 1024 pue
178 973 264 1008 anese
276 958 414 1027 popularis
430 973 556 1025 nunqnam
572 956 689 1025 dosfines
706 955 886 1010 antevertebat.
910 955 981 1010 Haec
992 954 1110 1025 Scaliger
1121 956 1163 1025 (de
1173 955 1281 1010 Emeud.

114 1039 207 1110 Temp.
218 1057 262 1106 rs,
274 1057 299 1112 p.
309 1041 350 1094 91.
362 1041 396 1094 ci.
406 1056 432 1106 v,
443 1057 469 1111 p.
478 1039 559 1110 339.),
572 1041 617 1111 qui
628 1041 765 1113 antiquum
775 1041 840 1094 illud
851 1057 930 1094 suum
941 1041 1062 1094 obtinens
1073 1041 1125 1094 lv.
1135 1039 1185 1095 hec
1194 1041 1283 1112 ipsum

114 1127 217 1180 evertit.
249 1126 346 1180 Scribit
356 1125 426 1179 enirn
437 1125 559 1179 ultimum
570 1127 664 1180 soleris
675 1127 739 1202 enni
750 1125 980 1196 Syromecedonici
990 1125 1060 1180 diem
1070 1126 1152 1180 luisse
1164 1126 1282 1182 Octobris

114 1229 174 1276 vm,
193 1227 225 1264 so
242 1211 312 1282 quod
323 1211 547 1282 Hyperboreteeus
558 1211 742 1266 Mecedonicus
754 1213 781 1266 iu
793 1229 819 1264 r.
828 1211 887 1264 iulii
897 1211 1039 1268 incidisset.
1061 1211 1152 1282 Iteque
1169 1213 1282 1283 primum

114 1297 281 1351 novilunium
293 1296 412 1350 Octobris
424 1315 480 1352 vm.
493 1298 621 1367 congruit.
655 1297 706 1350 Sed
721 1297 840 1367 imperite
855 1296 941 1352 iecere
953 1295 1073 1361 Iudeeos,
1091 1298 1137 1368 qui
1151 1314 1221 1351 enno
1236 1298 1281 1352 illo
1308 1328 1328 1366 ρ,
1339 1316 1383 1358 nse.
1593 1301 1594 1358 l

116 1399 132 1434 s
147 1381 338 1436 Macedonibus
355 1387 461 1453 eccepto
477 1383 589 1453 primurn
606 1383 767 1436 novilunium
785 1387 864 1452 'etque
882 1383 944 1435 enni
960 1383 1002 1436 sui
1019 1383 1162 1452 aequabilis
1179 1383 1283 1436 initium

115 1469 174 1538 ipso
187 1467 230 1522 die
241 1485 298 1522 vrrr.
309 1466 428 1520 Octobris
440 1467 606 1520 constituent
624 1467 703 1521 Vides
715 1483 794 1538 qoem
805 1467 928 1538 perplexe
940 1468 968 1520 in
979 1465 1029 1520 beo
1040 1467 1157 1520 doctrine
1165 1475 1283 1521 versetur
1591 1365 1594 1546 A

117 1552 247 1622 Scaliger,
264 1557 344 1622 utque
358 1553 385 1606 in
398 1553 489 1606 eodem
501 1569 579 1623 opere
590 1570 656 1625 quse
667 1554 746 1624 paulo
759 1559 819 1606 ente
830 1551 966 1606 definierat
976 1553 1111 1606 contrariis
1122 1553 1232 1607 decretis
1243 1571 1282 1608 re·
1591 1549 1594 1680 4

116 1635 198 1692 iell'et
223 1637 292 1692 Nem
303 1639 380 1691 modo
392 1638 543 1692 neomenias
555 1639 699 1708 aequabilis
711 1643 738 1692 et
748 1637 882 1709 populeris
893 1638 956 1692 anui
966 1643 1080 1692 veterem
1090 1639 1119 1691 in
1130 1639 1210 1694 eitum
1222 1657 1282 1693 cou-

117 1723 233 1788 cilietes,
250 1721 300 1776 boc
317 1729 358 1776 eet
372 1740 426 1777 ex.
435 1723 495 1776 Iulii
506 1723 539 1777 ed
550 1741 600 1788 ιι,
619 1729 646 1777 et
656 1725 690 1777 eb
702 1741 758 1777 vrrr.
771 1722 804 1776 nd
815 1739 861 1778 vn.
873 1722 928 1776 Oct.
939 1723 1072 1778 treduotss
1084 1724 1189 1790 asserit,
1204 1725 1281 1778 mode

117 1810 210 1863 iisdem
221 1810 250 1862 in
262 1809 353 1863 diebus
368 1809 477 1874 retinet,
492 1825 628 1862 sesecum
644 1809 807 1864 disconvenit
822 1808 912 1862 ordine
926 1814 989 1863 toto.
1024 1809 1099 1874 Quod
1110 1809 1215 1880 quidem
1225 1815 1281 1864 toto

118 1894 166 1948 hoc
178 1896 207 1948 in
220 1909 309 1965 opere,
326 1896 389 1948 etin
402 1895 471 1964 leeg.
481 1894 592 1958 Cenon,
604 1895 711 1948 solenne
723 1893 822 1948 bomini
834 1909 864 1947 ec
874 1901 1027 1965 perpetuum
1039 1901 1090 1959 est;
1101 1894 1180 1965 idque
1190 1911 1282 1966 prope·

118 1980 201 2046 diem,
219 1981 244 2033 ei
254 1979 376 2034 dominus
388 1979 498 2043 dederit,
516 1995 563 2032 suo
575 1995 606 2032 ec
618 1981 722 2049 proprio
733 1979 800 2033 libro
813 1979 1061 2044 demonstrabimus,
1078 1995 1157 2050 quem
1170 1981 1224 2033 iem
1236 1981 1283 2034 du·

118 2066 220 2120 domin
231 2064 354 2119 menibus
365 2063 501 2118 hebemus.
534 2065 620 2134 Atque
637 2063 691 2130 bic,
708 2065 747 2119 uti
762 2081 851 2135 spero,
867 2065 956 2118 lectori
968 2065 1046 2118 iidem
1059 2065 1150 2130 faciet,
1167 2081 1235 2135 quae
1250 2065 1283 2119 de

118 2151 237 2204 docmina
247 2155 395 2221 temporum
411 2166 428 2202 e
443 2149 577 2219 Scaligero
595 2151 744 2219 enneminta
758 2155 883 2219 tantoque
899 2150 999 2203 ambitu
1015 2165 1045 2202 eo
1061 2166 1159 2221 pompe
1174 2167 1234 2204 curn
1248 2152 1282 2204 eb

117 2237 176 2306 ipso
188 2235 382 2301 commendem,
397 2240 454 2289 tum
470 2235 603 2288 ieutorum
618 2241 646 2288 et
659 2235 846 2289 edmiretorum
859 2235 915 2289 eius
925 2235 1021 2304 plausu
1033 2241 1144 2306 excepte
1160 2244 1233 2301 eunt,
1251 2253 1283 2290 ee

119 2321 198 2386 ielse,
214 2323 317 2392 inepte,
335 2317 474 2390 ἀλογίστως
491 2327 518 2373 et
534 2317 714 2382 ἀναποδείκτως
732 2319 816 2374 effuse
832 2337 902 2385 esse,
923 2335 1008 2390 neque
1024 2321 1164 2391 quicquam
1181 2326 1284 2391 prester

119 2409 235 2477 speciem
247 2413 273 2460 et
285 2407 484 2460 ostentationem
493 2405 595 2459 bebere.
613 2407 774 2476 Argumento
786 2407 822 2460 sit
830 2405 915 2460 Attice
925 2406 971 2459 ille
981 2405 1115 2476 periodus,
1128 2421 1207 2477 quem
1218 2407 1282 2460 edeo

120 2493 234 2563 gloriose
246 2499 274 2545 et
284 2493 426 2546 insolenter
435 2491 564 2556 venditet;
580 2492 655 2545 ouius
665 2507 714 2545 noe
726 2491 850 2562 ineptiam
862 2497 889 2545 et
899 2490 1086 2562 παραλογισμδν
1098 2491 1245 2546 deteximus
1255 2493 1282 2546 iu

120 2579 188 2631 notis
200 2578 235 2631 ed
246 2576 425 2631 'llremistium
459 2575 571 2646 Reliqus
586 2578 658 2646 operi
671 2577 710 2629 illi
725 2591 888 2630 reservemus
904 2577 932 2630 in
948 2593 1000 2646 quo
1017 2577 1086 2630 etde
1098 2577 1201 2632 ludoico
1213 2593 1282 2631 suno

120 2664 240 2733 pluribus
251 2663 433 2733 disputabitur,
450 2669 476 2716 et
486 2661 532 2714 ille
544 2661 636 2716 Greed
647 2663 709 2715 enni
719 2662 805 2715 iorme
816 2677 847 2714 ec
858 2661 957 2732 periodi
968 2662 1135 2734 Olympisoee
1146 2663 1283 2733 descriptio

120 2747 259 2803 refelletur.
282 2749 363 2818 Atqui
377 2747 438 2801 licto
454 2747 500 2800 illo
511 2749 647 2817 utriusque
659 2752 783 2801 contextu
794 2745 866 2800 velut
875 2747 1046 2802 iundemento
1058 2749 1143 2802 onruis
1154 2748 1187 2802 de
1197 2755 1283 2802 vetere

120 2849 189 2888 enno
198 2833 305 2887 Iudeicc
314 2832 430 2886 docmina
438 2833 576 2886 stabilitur.
592 2833 659 2898 Non,
670 2833 786 2903 inquam,
798 2832 902 2886 eliuude
911 2832 1045 2904 Scaligere
1054 2838 1165 2896 constet,
1173 2833 1283 2888 Indeeos

120 2919 219 2990 uliquet
227 2917 427 2972 entechristum
436 2918 547 2972 saeculis
557 2915 682 2988 epocbsrn
692 2918 754 2972 enni
763 2917 812 2981 sui,
821 2917 1042 2989 sive'lekupbem,
1051 2918 1159 2972 Oeten
1169 2918 1284 2972 delirum

121 3003 256 3069 debuisse,
273 3019 352 3074 quem
370 3003 439 3074 quod
457 3019 490 3056 ex
507 3002 606 3074 periodi
622 3002 736 3056 (deseces
754 3003 886 3073 populeris
903 3019 934 3056 eo
946 3003 1131 3058 Mecedonicee
1147 3003 1283 3058 retiociuic

122 3096 229 3160 quemue
243 3089 340 3142 mensis
354 3089 487 3159 pepuleris
499 3089 528 3142 in
544 3089 619 3142 illum
630 3087 698 3141 diem
709 3087 835 3142 incideret
845 3105 876 3141 eo
888 3103 970 3152 enno,
982 3105 1034 3158 quo
1048 3089 1284 3158 Syromecedonice

122 3176 242 3245 periodus
257 3179 297 3228 eet
312 3175 440 3228 institute.
475 3173 527 3228 Sed
544 3191 604 3226 cum
620 3173 703 3226 mults
714 3173 767 3226 sint
778 3174 806 3226 in
817 3177 873 3226 tote
883 3171 933 3226 bec
945 3173 1072 3244 Sceligeri
1083 3175 1206 3244 opinione
1223 3190 1283 3229 con·

122 3261 241 3325 intende,
257 3275 340 3330 esque
352 3275 394 3314 res
410 3260 558 3329 longiorem
573 3275 604 3312 ec
622 3258 787 3329 preeoipunm
798 3257 1002 3328 disputetionem
1017 3259 1107 3328 exiget
1122 3265 1159 3325 et,
1175 3266 1207 3313 ut
1220 3261 1284 3327 dixi,

123 3346 192 3400 brevi
209 3351 381 3400 consecutum
396 3345 442 3413 sit,
458 3361 519 3408 nee,
536 3344 605 3415 qued
620 3345 648 3397 in
664 3343 730 3396 libro
741 3343 786 3397 ille
798 3344 1025 3408 demonstrabitur,
1040 3344 1135 3399 islsens
1150 3361 1208 3400 esse
1221 3347 1285 3401 enni

122 3431 190 3485 itlius
203 3431 297 3485 Greeci
308 3447 339 3484 eo
349 3429 512 3484 Macedonici
522 3435 679 3483 structuram
690 3428 876 3499 pertendimus.
902 3427 1036 3499 Negemus
1047 3437 1181 3496 conitere,
1196 3437 1284 3486 utrum
1325 3422 1332 3444 ⁸

123 3531 190 3570 enno
201 3518 247 3570 illo
259 3533 313 3587 per.
322 3515 450 3570 telsion.
463 3515 595 3586 populeris
603 3521 631 3568 et
638 3514 783 3584 aequabilis
792 3514 1031 3584 Syrcmecedonum
1039 3517 1138 3570 mensis
1147 3515 1174 3570 iu
1182 3535 1228 3570 vrr.
1238 3523 1285 3570 eut

123 3603 240 3656 vrruOct„
249 3601 392 3656 incurrerit.
405 3599 540 3670 Negemus
548 3599 798 3671 preetereeiudreos
808 3600 938 3654 cerdiuem
947 3601 1022 3655 illum
1030 3602 1093 3656 euni
1101 3602 1194 3656 soleris
1202 3617 1284 3672 egue-

123 3688 204 3754 visse,
216 3693 263 3740 eut
272 3687 300 3740 iu
312 3703 342 3740 eo
354 3687 496 3740 collocesee
507 3685 667 3756 Telephum.
688 3684 822 3755 Negemus
834 3702 933 3740 sunum
944 3686 1014 3757 epud
1025 3686 1139 3741 Graecos
1149 3693 1194 3740 eut
1205 3686 1284 3756 Syro·

123 3773 276 3826 macedones
287 3773 439 3843 populerem
451 3771 579 3825 eiusmodi
589 3772 683 3835 inisse,
696 3772 799 3841 qualem
812 3789 845 3826 ex
858 3771 963 3824 cilicino
974 3789 1022 3825 sus
1032 3772 1152 3843 procudit
1159 3771 1284 3842 Scaliger.

124 3855 190 3912 Intro
199 3858 285 3928 msgis
295 3865 321 3910 et
331 3859 359 3911 in
368 3873 455 3912 ercem
463 3857 547 3926 ipsum
557 3857 716 3926 queesu’ouis
728 3858 824 3911 involo.
841 3856 915 3926 Nego
928 3863 1026 3910 nomn
1038 3872 1109 3921 esse,
1120 3873 1184 3912 num
1195 3856 1284 3912 ludsei

125 3941 399 4014 (lelippicnilleluneri
408 3939 784 4011 velSpromecedeniceiorme
792 3957 908 4012 unquem
917 3943 957 4002 uei
966 3942 1069 3998 inerint
1087 3941 1143 4007 Quo
1154 3943 1284 3998 lebeiecto

126 4041 155 4082 ee
167 4029 286 4082 coniulso
297 4033 399 4084 ceeters
409 4043 477 4098 quse
487 4027 547 4082 buic
558 4027 704 4082 innituntur
715 4033 837 4082 conusnt
847 4043 955 4081 necesse
967 4033 1014 4082 est.
1036 4027 1140 4082 Etenim
1151 4027 1283 4084 misnen

127 4111 256 4184 tangere
266 4119 428 4184 compertum
439 4119 481 4168 eet
487 4111 596 4167 Indeeos
604 4113 723 4166 lnumem
732 4112 834 4183 Gelippi
841 4112 977 4182 periodum
984 4114 1012 4166 in
1021 4113 1123 4168 civilem
1132 4129 1210 4168 usum
1219 4115 1283 4168 esci·

127 4199 209 4254 visse?
233 4199 331 4270 Opinor
347 4213 429 4254 unum
439 4198 503 4254 illud
514 4203 698 4268 mgumeutum
710 4203 762 4263 est,
779 4197 849 4268 quod
859 4199 936 4252 enuis
950 4197 1106 4252 Graecorum
1116 4203 1172 4252 tem
1182 4200 1284 4254 biscce·

127 4281 248 4340 buorum
258 4286 329 4350 libri,
341 4299 421 4355 quem
428 4281 555 4354 Iosephus
563 4297 595 4336 ec
603 4283 696 4354 reliqui
703 4282 866 4337 iudeicernm
874 4298 960 4337 rerum
972 4283 1109 4354 scriptores
1120 4285 1162 4338 usi
1173 4286 1234 4340 sint
1250 4286 1285 4340 At

129 4370 182 4436 quis
193 4387 227 4424 ex
240 4387 270 4425 ee
279 4371 426 4426 receneris
435 4368 613 4440 colligetenni
621 4367 817 4438 dispositionem
828 4369 914 4438 ipsem
921 4368 1030 4422 ludeeoe
1039 4375 1195 4440 usurpasse?
1212 4371 1285 4426 Licet

129 4455 195 4510 euim
205 4473 294 4512 serem
305 4457 358 4510 sive
371 4455 496 4526 epocham
506 4455 593 4526 ipsam
604 4445 638 4508 ec'
643 4455 762 4520 titulum,
773 4453 841 4508 unde
851 4454 946 4508 Greeci
953 4470 1081 4510 ennorum
1090 4471 1197 4510 suorum
1206 4457 1284 4526 prim·

130 4539 197 4594 ordis
213 4543 377 4612 repstebent,
394 4539 559 4596 edhibueriut
574 4539 675 4606 iudeei,
693 4555 754 4594 cum
770 4539 929 4594 Gruterum
939 4556 986 4594 res
1002 4545 1104 4611 gestes,
1121 4542 1163 4596 vel
1178 4558 1285 4596 suorum

131 4638 185 4678 cum
198 4627 303 4684 Graccis
314 4626 460 4698 implicates
472 4627 673 4698 perscriberent,
687 4625 767 4682 nibilo
779 4631 867 4682 temen
879 4627 975 4682 certius
986 4627 1074 4698 colligi
1084 4634 1171 4698 potest
1181 4629 1284 4682 illorum
