3252 5158
1132 365 1291 426 CLXXXIII

125 522 177 576 illis
186 521 272 576 tribus
280 521 377 576 iesmm
386 521 450 576 iilud
461 522 588 588 satiarit,
600 521 675 576 cuius
684 537 777 578 uuna
785 522 902 580 onnam
911 523 1041 590 ascendit,
1052 539 1139 595 neque
1146 525 1291 594 posteriora

127 608 178 662 duo
189 609 280 662 lecum
290 607 348 662 istic
359 606 484 674 habeant,
499 623 606 662 neeesse
618 614 657 662 est
668 608 699 661 de
710 609 807 679 prime,
819 608 868 662 hec
880 615 921 663 est
930 609 1066 680 paschate,
1083 608 1206 663 loannem
1220 610 1290 662 loeu-

125 698 190 746 tum.
227 691 302 756 Quod
320 694 389 748 euim
405 709 490 764 neque
505 699 668 764 muteronis,
685 710 769 765 neque
786 695 944 765 scenopegia
959 694 1046 759 luerit,
1068 703 1221 763 argumento
1243 701 1290 760 est,

126 777 197 850 qued
213 779 341 850 superiori
358 779 442 850 capite
454 777 570 832 Christus
582 779 683 833 diram
694 796 761 835 cem.
770 779 812 832 35.
824 785 935 850 quatuor
950 797 1052 833 menses
1065 781 1098 833 ad
1109 797 1221 833 messem
1233 781 1291 833 reli-

126 879 192 934 quos
203 863 296 918 iubae.
318 863 426 918 Athaco
438 863 603 919 meoiudicio
615 865 748 918 levissima
759 872 828 918 sunt.
856 864 923 918 Nam
941 871 970 918 ut
981 867 1099 919 emittam
1112 864 1181 937 qued
1192 865 1291 918 Maido-

125 953 204 1004 uatus
215 949 362 1014 cucumae,
377 949 544 1020 proverbium
561 949 691 1021 quoddam
707 951 775 1004 inter
785 949 895 1004 Iudaees
910 951 1038 1006 eiusmodi
1048 956 1192 1016 versatum,
1207 949 1291 1004 adhuc

124 1051 232 1088 menses
241 1053 268 1091 rv
278 1034 310 1088 ad
321 1051 434 1089 messem
445 1042 597 1106 supersuut;
614 1052 673 1090 cum
691 1035 755 1090 nihil
765 1036 835 1108 quod
846 1042 950 1106 urgeret
961 1053 1019 1090 esse
1031 1036 1179 1106 significare
1188 1037 1290 1102 vallent,

125 1137 172 1174 cur
182 1120 262 1174 taturi
273 1120 392 1190 cogimur
402 1137 485 1174 uuum
496 1121 559 1174 illud
573 1121 670 1174 testum
687 1138 701 1175 e
717 1122 801 1176 tribus
817 1121 899 1176 inisse
916 1121 1076 1175 nemoribus?
1109 1121 1201 1176 Nonne
1218 1127 1244 1175 et
1257 1120 1290 1175 ad

126 1207 253 1260 encaenia
264 1206 367 1259 venbse
383 1203 515 1260 Christum
529 1211 657 1262 testantur
672 1207 808 1278 evangelia
824 1212 851 1261 st
866 1207 980 1278 nailques
997 1207 1030 1260 ab
1047 1206 1138 1260 eedem
1153 1207 1291 1260 verisimile

126 1297 166 1344 est
177 1291 235 1344 dias
247 1307 305 1344 esse
316 1291 479 1344 celebratos?
513 1290 598 1355 Quare
613 1293 665 1345 nisi
681 1292 713 1345 ad
724 1297 892 1363 pentecosten
904 1307 964 1346 eum
977 1291 1175 1362 Chrysostomo,
1193 1291 1289 1360 Cyrille

126 1381 203 1446 atque
221 1392 256 1428 ex
273 1376 459 1430 recentioribus
474 1375 624 1430 Maidenate
641 1377 749 1447 aliisque
766 1378 894 1448 pertinere
908 1377 1033 1441 velimus,
1053 1383 1080 1432 at
1095 1377 1214 1446 Phurim,
1235 1378 1290 1430 sire

126 1459 244 1516 Sentium
263 1460 374 1525 testum,
393 1460 463 1531 quod
478 1461 547 1514 Adar
563 1461 601 1516 15.
621 1462 779 1515 celebratum
796 1467 847 1526 est,
863 1460 927 1515 nibil
943 1467 1015 1514 vetat
1029 1463 1148 1532 intelligi.
1184 1462 1222 1516 Da
1238 1479 1290 1532 quo

127 1545 226 1598 erudite
237 1545 364 1616 Xeplerus
375 1546 404 1599 in
414 1547 527 1616 llclegis.
561 1546 617 1600 lam
634 1547 772 1601 sabbatum
787 1546 851 1600 illud
868 1546 1067 1617 deuteroproton
1078 1553 1139 1619 post
1149 1548 1262 1618 primum
1274 1564 1291 1600 a

126 1631 258 1700 baptismo
269 1629 366 1702 pascha
377 1632 498 1686 collomri
509 1637 607 1702 petest,
619 1638 648 1685 ut
656 1631 814 1703 etlleplerus
824 1631 920 1687 ibidem
936 1639 962 1685 et
978 1649 1025 1687 nes
1039 1633 1090 1703 ipsi
1098 1633 1208 1686 subiude
1216 1649 1289 1686 mon·

127 1716 277 1772 strabimus.
313 1715 400 1770 Unum
415 1722 533 1786 superest
549 1717 619 1786 qued
635 1733 669 1770 ex
684 1717 815 1771 Xemnitie
831 1718 954 1787 proponit
970 1719 1138 1788 dissolvitque
1155 1718 1289 1788 Keplerus.

126 1801 229 1854 Etenim
243 1799 360 1856 Christus
372 1802 591 1872 praedicationem
604 1819 714 1856 exorsus
728 1808 768 1856 est
782 1807 921 1874 postquam
936 1803 1046 1857 Ioannes
1062 1805 1090 1856 iu
1106 1819 1235 1856 carcemm
1250 1809 1291 1856 est

126 1887 237 1951 missus,
249 1885 341 1940 htutth.
351 1905 386 1951 rv,
401 1886 448 1951 lt,
459 1888 539 1941 Marc.
548 1905 572 1952 r,
584 1887 623 1940 14.
648 1887 786 1942 Coniectus
803 1893 889 1941 autem
906 1893 946 1942 est
956 1889 984 1941 in
995 1888 1100 1942 vincula
1109 1889 1219 1942 Ioannes
1231 1892 1291 1958 post

126 1970 224 2042 paseha
235 1972 357 2043 primum.
375 1971 442 2026 Nem
453 1989 483 2026 ee
493 1972 622 2026 celebrate
632 1971 742 2026 loannes
751 1973 881 2044 baptizare
891 1974 985 2044 pergit,
996 1972 1133 2039 Ioannnr,
1145 1973 1185 2027 23.
1204 1972 1289 2037 Quare

60 2041 64 2052 ⁵
127 2057 266 2110 sabbatum
276 2057 363 2111 Lucae
375 2058 575 2128 deuteroproton
590 2065 616 2111 et
631 2058 674 2112 ille
690 2075 735 2129 per
747 2063 850 2130 segetes
861 2059 980 2112 incessus
993 2076 1046 2112 uon
1056 2064 1143 2129 potest
1151 2059 1235 2128 prime
1244 2073 1289 2128 pa·

126 2142 209 2196 sabati
221 2142 330 2207 subiici;
347 2143 409 2214 quia
419 2142 584 2208 iamdudum,
601 2158 660 2196 cum
676 2142 739 2196 haec
752 2149 896 2214 ageremur,
908 2144 1057 2214 praedicare
1069 2143 1187 2198 Christus
1199 2161 1289 2214 coepe·

127 2233 173 2281 rat
195 2227 239 2281 iix
250 2244 302 2297 que
314 2229 431 2298 sequitur
441 2247 469 2282 rv
481 2229 574 2282 saltem
586 2228 645 2282 elici
656 2227 792 2298 paschata,
804 2234 833 2281 nt
844 2230 922 2299 paulo
934 2235 994 2282 ante
1005 2229 1201 2300 disputavimus.

193 2313 292 2367 Verum
304 2329 357 2366 nen
369 2317 429 2366 aute
439 2313 544 2368 Ioannis
556 2329 684 2367 carcerem
695 2315 860 2383 praedicandi
871 2331 967 2368 munus
979 2315 1096 2384 attigisse
1108 2313 1247 2379 Christum,
1260 2331 1290 2368 ac

127 2403 199 2452 taum
215 2404 333 2469 tempere
351 2399 464 2452 otiosum
479 2415 510 2452 ac
526 2399 641 2452 desidem
657 2400 751 2465 luisse,
765 2399 954 2470 perabsurdum
969 2401 1078 2454 videtur.
1111 2400 1145 2452 lit
1164 2401 1188 2453 si
1202 2415 1292 2453 verum
1316 2417 1390 2470 paor.

128 2484 201 2538 lateri
213 2483 336 2537 velumus
347 2483 482 2538 Nicodemi
492 2484 537 2538 illa
549 2501 608 2539 cum
620 2483 721 2539 Christo
734 2485 883 2555 congressio
900 2485 1008 2556 eiusque
1020 2486 1099 2539 verba
1110 2486 1172 2538 ista:
1193 2485 1292 2538 Selenes

128 2573 187 2639 quie
199 2589 217 2622 o
231 2571 277 2622 dee
288 2573 379 2621 uenisti
390 2575 524 2638 magiam,-
537 2589 606 2623 nieme
618 2574 682 2622 erun
689 2579 773 2640 petest
781 2570 846 2624 boec
857 2575 1029 2639 eipnesocere
1038 2589 1103 2641 qnae
1115 2575 1228 2640 inferis,
1241 2575 1292 2622 nisi
1299 2559 1305 2568 ’

123 2658 206 2723 forsit
218 2657 280 2706 dm
291 2671 346 2706 cern
359 2673 398 2718 ee,
415 2660 473 2708 tum
491 2671 558 2725 quae
573 2656 700 2726 superiori
710 2657 794 2726 capite
806 2663 944 2709 ementur
955 2655 986 2708 de
998 2657 1088 2710 multis
1099 2657 1126 2709 in
1137 2657 1223 2726 ipsum
1236 2673 1290 2709 cre·

129 2739 261 2805 dentibus,
277 2739 440 2810 praedicasse
456 2741 509 2793 iam
527 2741 656 2794 Christum
673 2747 699 2793 et
714 2741 747 2793 ad
762 2741 889 2812 populum
904 2741 997 2794 iecisse
1011 2741 1091 2794 verba
1106 2740 1290 2794 demonstrant

129 2825 198 2878 llus
208 2823 252 2878 his
265 2825 353 2878 omnia
365 2841 431 2895 quaa
443 2831 503 2879 ante
515 2826 631 2879 vinctum
641 2825 766 2880 Ioannem
778 2841 794 2878 a
806 2825 910 2880 Christe
922 2825 990 2880 dictu
999 2825 1121 2896 laetaque
1133 2828 1227 2880 caeteri
1238 2833 1289 2879 tres

130 2911 228 2980 aliquot
245 2910 373 2979 capitibus
391 2911 521 2981 complexi
537 2915 607 2964 sunt.
642 2910 710 2974 Quin
726 2917 753 2964 et
767 2910 858 2964 Petrus
874 2912 931 2964 Act.
948 2929 964 2964 v.
983 2911 1143 2981 abeptisme
1160 2911 1289 2966 Christum

130 2996 246 3066 coepisse
258 2999 374 3048 testetur.
405 2995 478 3049 Idem
488 2995 582 3050 Euseb.
594 2996 638 3049 lib.
648 3015 666 3049 r.
679 3013 736 3066 cap.
747 3013 771 3049 x.
784 3002 811 3050 et
821 2995 870 3050 hec
882 2997 938 3049 loce
951 2996 1026 3049 decet
1037 2995 1205 3067 EpIphanius.
1239 2998 1290 3050 Ire·

129 3097 208 3134 naeus
222 3081 290 3134 enim
302 3097 365 3136 xxx.
374 3097 442 3134 anno
452 3081 612 3152 baptisatum
622 3086 709 3151 putat,
721 3085 817 3151 etpost
828 3081 928 3151 aliquot
938 3097 1021 3134 anuos
1033 3097 1092 3134 cum
1105 3081 1157 3134 iam
1168 3081 1289 3135 idoneam

130 3166 161 3220 ad
172 3165 318 3221 docendum
329 3173 440 3220 acutam
452 3171 521 3220 esset
532 3167 652 3237 adeptus,
668 3167 796 3220 triennem
810 3167 1029 3237 praedicationem
1045 3164 1188 3220 inchoasse.
1222 3166 1290 3220 Nam

131 3252 197 3322 quod
208 3251 243 3304 ad
251 3249 377 3322 lipiphau.
388 3252 490 3317 attinet,
507 3266 586 3322 supra
601 3268 672 3304 num.
683 3268 754 3305 mv.
766 3250 888 3322 postridie
900 3253 955 3304 eius
968 3251 1017 3304 diei
1030 3267 1080 3321 que
1093 3253 1237 3322 baptizatus
1250 3257 1290 3305 est

130 3336 346 3406 praedicatonem
357 3337 429 3390 illam
442 3338 589 3408 occoepisse
601 3337 663 3390 dicit
674 3352 740 3407 quae
752 3337 785 3389 cd
797 3333 904 3388 innueris
916 3335 1001 3388 tenebo
1011 3335 1128 3390 refertur.
1163 3337 1229 3402 Quid
1240 3338 1289 3407 igi·

130 3426 171 3474 tur
181 3421 349 3491 evangelistis
360 3422 412 3476 illis
423 3423 561 3488 iaciemus,
573 3423 618 3493 qui
630 3423 743 3477 coniecto
756 3423 861 3476 demum
871 3423 899 3475 in
911 3437 1039 3475 carcerem
1051 3421 1147 3476 Ioanne
1159 3421 1288 3477 Christum

131 3512 237 3560 mnant
252 3506 400 3577 praedicere
416 3507 550 3578 coepisse?
583 3508 694 3579 Xeploro
706 3509 791 3561 risum
808 3513 848 3560 est
863 3508 1013 3562 bucelleno
1024 3508 1145 3561 versiculi
1155 3509 1233 3562 unius
1244 3525 1289 3562 na·

132 3593 231 3662 getium
242 3607 320 3662 posse
332 3592 432 3646 conflet
454 3591 522 3646 Nam
534 3593 556 3646 si
567 3593 658 3647 Mattb.
668 3611 703 3647 nv.
714 3609 780 3648 vera.
793 3593 840 3658 lt,
857 3611 911 3646 cam
924 3603 1005 3646 antem
1018 3595 1131 3646 aedbert
1141 3594 1213 3645 Ieme
1224 3597 1290 3664 qnod

133 3677 241 3730 Ioannes
253 3679 363 3731 nuditer
374 3689 447 3740 esset,
459 3683 563 3732 secessit
572 3683 599 3731 in
614 3680 771 3743 Galliarum,
783 3680 846 3732 item
856 3680 935 3732 Maro.
945 3697 963 3732 1.
976 3679 999 3732 si
1010 3693 1114 3732 cemma
1124 3678 1162 3732 14.
1175 3679 1226 3733 alio
1238 3684 1288 3732 tra·

131 3762 216 3828 iicias,
232 3763 387 3816 nmratienis
404 3763 520 3816 ordinem
536 3763 669 3834 aptissime
685 3769 817 3818 coemes.
851 3763 916 3818 Mihi
927 3779 988 3817 vere
1004 3761 1068 3817 haec
1080 3763 1157 3817 unius
1168 3764 1289 3818 versiculi
1370 3797 1373 3818 r

132 3849 247 3902 traiectio
258 3847 372 3902 violenta
387 3865 450 3902 saue
467 3848 574 3902 ridetur.
608 3847 679 3902 Nihil
695 3849 764 3903 enim
782 3849 877 3902 clarina
894 3855 933 3902 est
950 3865 1027 3921 quam
1041 3865 1107 3920 quae
1118 3849 1289 3902 subiiciuntur

134 3947 191 3986 oum
202 3933 254 3986 illie
265 3933 329 4004 Ipsis
341 3933 475 3988 versiculis
488 3949 545 3987 esse
556 3950 684 3990 connexa.
718 3935 805 3989 Satius
823 3941 862 3988 est
876 3935 956 4004 igitur
967 3934 1103 3988 commoda
1113 3934 1200 4003 aliqua
1211 3935 1288 3987 inter·

133 4019 273 4088 pretatIene
284 4019 334 4074 loci
345 4019 414 4072 illius
423 4019 570 4074 difficultati
577 4019 718 4074 consulere.
736 4019 790 4073 Hoc
799 4034 860 4072 vero
869 4019 989 4090 perfacile
1001 4023 1048 4072 est.
1065 4019 1132 4072 Nam
1140 4017 1287 4072 Matthaeus

134 4109 159 4156 et
168 4105 272 4158 Idurcus
283 4119 450 4174 nequaquam
460 4103 525 4157 illud
536 4103 641 4169 docent,
658 4102 788 4158 Christum
804 4111 866 4158 tunc
882 4103 978 4169 selum,
996 4120 1056 4156 cum
1072 4103 1183 4157 Ioannes
1194 4105 1221 4158 in
1232 4106 1288 4158 viu·

135 4189 190 4241 cula
200 4189 297 4243 missus
309 4195 362 4255 est,
379 4189 526 4260 praedicare
541 4191 569 4243 in
584 4189 722 4260 populum,
737 4189 786 4243 hoc
802 4194 841 4242 ast
856 4189 958 4258 publiea
970 4189 1048 4242 verba
1063 4188 1147 4241 lucere
1159 4190 1287 4260 coepiss03

136 4275 201 4343 qued
211 4292 246 4329 ex
257 4275 308 4328 illis
320 4275 385 4345 ipsis
396 4275 562 4344 evangelistis
573 4273 670 4328 salsum
681 4289 739 4328 esse
750 4280 916 4328 monstratur.
940 4272 992 4326 Sed
1004 4272 1044 4326 bie
1056 4289 1148 4328 seusus
1160 4279 1211 4339 est,
1228 4279 1288 4344 pust

136 4365 236 4430 captum
245 4359 370 4414 Ioannem
381 4375 478 4414 nevum
489 4360 562 4414 velut
571 4359 675 4414 initium
686 4358 850 4430 praedicandi
860 4357 964 4423 iecisse,
982 4375 1012 4412 ac
1030 4373 1088 4412 cum
1104 4361 1246 4414 accuratius
1258 4361 1287 4414 iu

136 4443 194 4500 illud
201 4445 336 4516 negotium
344 4445 502 4510 Incubuisse,
514 4451 638 4499 tumuere
648 4443 781 4515 speciatim
789 4443 852 4496 illud
862 4445 1012 4508 inculcasse,
1023 4449 1285 4514 mendaciunculis,

138 4535 392 4601 appropinquaremus
402 4549 505 4599 regnum
514 4533 644 4584 coelerum.
659 4527 810 4582 Cuiusmodi
818 4527 1021 4582 cohortationem
1029 4530 1070 4582 rel
1079 4530 1193 4584 nendum
1202 4537 1285 4596 autea,

138 4617 175 4668 vel
186 4617 271 4670 minus
282 4616 371 4670 crebro
383 4631 413 4669 ao
425 4613 588 4670 vehementer
600 4617 747 4686 usurparat,
763 4614 832 4684 quod
848 4630 906 4667 eam
921 4615 971 4668 sibi
981 4614 1091 4670 loannes
1101 4616 1286 4688 praedicandae
