3200 5158
331 393 440 463 Xovm

332 522 526 606 observationes
540 549 667 604 maiorem
682 547 797 602 bumana
814 547 911 602 tidem?
934 547 1062 604 deciderit
1077 546 1142 604 baec
1158 547 1261 618 eclipsis
1276 547 1326 602 hoo
1337 547 1380 601 rol
1389 546 1433 602 ilio
1443 547 1488 602 im·

331 637 456 709 paratoria
469 651 551 699 anno,
567 635 690 690 historiae
701 632 754 687 tide
765 632 864 698 nititur,
881 649 948 704 qnae
964 633 1069 688 tametsi
1080 632 1196 688 humana
1205 633 1253 698 sit,
1268 633 1301 688 ab
1312 649 1346 688 ea
1356 639 1443 688 umen
1452 649 1489 688 re·

331 723 421 776 cedere
432 722 477 776 rix
489 720 619 775 interdum
630 735 688 774 eaeo
699 718 816 772 videatur
827 717 948 774 hominia.
972 719 1026 774 Sed
1042 735 1102 774 cum
1113 719 1147 773 ad
1158 717 1274 773 lulianus
1284 719 1437 790 praesertim
1447 733 1489 772 au·

330 825 393 872 nos,
410 824 476 878 quos
489 823 580 862 omnes
591 807 642 860 sibi
653 803 807 876 chronologi
818 804 978 875 praefigunt,
995 804 1105 859 deducta
1118 822 1161 859 res
1173 804 1263 870 iuorit,
1280 809 1361 875 quoto
1373 819 1441 858 auno
1451 819 1489 856 eo·

330 893 403 963 lipsis
419 893 465 946 iiis
479 892 630 962 contigerit,
647 907 700 944 non
716 888 831 944 humana
846 891 900 944 iarn
915 889 979 955 tide,
1001 889 1051 944 hoc
1069 895 1110 944 est
1125 889 1181 944 sola
1197 889 1330 960 scriptoris
1346 889 1490 952 autoritate,

330 978 375 1032 scd
391 978 537 1032 certissima
552 976 772 1030 demonstratione
785 980 901 1040 constat,
921 975 953 1030 de
973 991 1026 1046 qua
1043 975 1094 1031 nisi
1110 975 1182 1046 prins
1196 974 1327 1046 imperitia
1342 973 1490 1030 numerandi

331 1063 372 1116 rel
383 1063 531 1118 tabularum
540 1063 602 1116 vitio
614 1063 703 1132 lapsus
715 1061 761 1126 sit,
774 1060 891 1115 dubitare
902 1077 980 1114 nemo
992 1061 1093 1132 poterit.
1110 1060 1177 1114 Ecce
1189 1059 1237 1114 tibi
1248 1060 1276 1114 iu
1286 1059 1351 1124 hoc,
1362 1059 1433 1130 quod
1443 1065 1491 1112 tra·

330 1153 446 1214 ctamns,
459 1153 613 1218 argumento
625 1152 723 1218 quanta
734 1147 769 1199 sit
779 1145 888 1201 istorum
900 1145 1075 1202 chamoterurn
1087 1146 1186 1200 odiitas
1196 1151 1272 1217 potes
1283 1144 1491 1200 snimsdvortorc.

331 1233 405 1298 Quod
413 1234 492 1304 paulo
501 1237 561 1304 poet
568 1233 684 1304 Augusti
695 1235 806 1286 mortem
815 1231 878 1286 luna
886 1230 1008 1286 deiecerit
1019 1232 1069 1286 etsi
1080 1248 1114 1287 ex
1122 1229 1305 1286 historicorum
1313 1230 1491 1286 testificatione

331 1319 473 1384 credimus,
490 1323 532 1372 est
548 1333 579 1372 ea
595 1323 684 1372 tamen
695 1322 820 1372 constans
834 1317 936 1388 opinio,
954 1317 985 1372 de
1001 1317 1075 1372 cuius
1086 1317 1195 1372 veritate
1206 1333 1240 1372 ne
1251 1317 1382 1372 letissime
1392 1315 1492 1388 quidem

331 1404 471 1459 dubitatur.
494 1403 551 1458 Iam
566 1409 662 1473 quotus
677 1402 719 1457 hic
733 1419 818 1457 annus
830 1403 865 1457 sit
875 1417 951 1458 acme
963 1401 1125 1458 Christianae
1136 1402 1277 1474 queantur.
1301 1401 1353 1467 Qui
1364 1402 1491 1472 cyclorum

231 1501 305 1553 prot
331 1494 359 1544 et
369 1490 514 1560 ecclipoeou
526 1488 678 1544 methodum
691 1488 829 1555 damnant,
841 1504 910 1544 auno
924 1488 1086 1558 Dionysiano
1098 1506 1152 1544 xvr.
1165 1489 1278 1544 tribuere
1290 1488 1385 1542 solent.
1417 1485 1492 1557 Atqui

331 1577 406 1632 iaest
417 1593 483 1642 xm,
498 1591 548 1630 neo
564 1575 619 1630 ulla
635 1591 749 1646 unquam
765 1574 926 1628 aenonomia
941 1574 1023 1628 alium
1038 1573 1099 1628 huic
1115 1575 1234 1645 ecclipsi,
1252 1589 1318 1644 quoe
1336 1573 1426 1644 paucis
1436 1577 1492 1643 port

331 1662 445 1732 Augusti
456 1666 566 1716 mortem
584 1661 686 1724 diebus,
705 1660 852 1731 Septembri
866 1677 958 1714 manse
975 1661 1098 1730 contigit,
1114 1676 1213 1714 aunum
1230 1659 1344 1713 definiet.
1369 1657 1432 1722 Quis
1442 1674 1492 1712 uon

331 1747 411 1816 igitur
428 1763 462 1800 ex
479 1763 510 1800 eo
527 1745 619 1800 confici
635 1747 781 1800 necessario
798 1745 913 1816 putabit,
930 1747 1079 1816 Angustum
1094 1761 1169 1800 acrae
1181 1744 1345 1798 Christianae
1362 1759 1431 1798 anuo
1442 1761 1490 1796 xrr.

331 1837 463 1886 mortuum
480 1847 551 1896 osse,
568 1848 621 1885 non
633 1835 707 1886 xvii
731 1830 809 1884 Vides
825 1831 952 1884 maiorem
967 1829 1083 1884 humana
1093 1829 1186 1894 iidem,
1203 1847 1262 1884 curn
1277 1828 1395 1884 bumana
1410 1835 1491 1882 tarum

331 1918 491 1988 implicatam
503 1923 530 1970 et
541 1933 699 1971 connexam:
717 1932 785 1986 quae
796 1917 902 1970 tametsi
913 1914 1056 1981 humanae,
1073 1915 1123 1970 hoo
1135 1915 1305 1980 cristianus,
1321 1931 1377 1986 qua
1387 1913 1491 1969 soluisti

331 2002 456 2066 nituntur,
468 2007 537 2055 asset
548 2001 648 2066 similis,
659 2019 712 2056 non
723 2001 781 2054 ideo
792 2007 881 2055 tamen
890 2000 1053 2072 aspernanda
1060 2000 1136 2070 foret,
1148 1999 1217 2070 quod
1226 1999 1351 2066 humana,
1362 2000 1409 2054 aad
1417 2000 1455 2053 rai
1463 2015 1490 2052 eo

331 2088 436 2142 nornine
447 2086 662 2151 commendanda,
674 2086 743 2158 quod
752 2086 786 2140 ad
794 2085 937 2140 humanam
944 2085 1133 2140 humunaiidse
1142 2085 1272 2152 adiuncta,
1283 2091 1377 2140 utnon
1385 2084 1490 2139 humma

331 2174 463 2238 maiorem,
474 2173 511 2226 ita
520 2172 639 2244 simplici,
648 2187 739 2243 eaque,
749 2171 970 2242 quocontentiilli
979 2177 1049 2237 sunt,
1057 2172 1192 2226 certiorem
1201 2171 1490 2242 credulitatemperrret

331 2327 375 2382 DE
384 2325 535 2382 VULGARI
548 2324 712 2380 offinflono
726 2325 794 2390 Qun
806 2325 939 2380 CHRISTI
949 2325 1094 2380 NATALIS
1107 2323 1219 2380 ANNUS
1232 2322 1487 2381 INVRSTIGATUR.

651 2410 710 2465 UBI
726 2411 770 2465 ΕΤ
787 2410 832 2464 Dii
850 2410 941 2464 ΔΕΕΑ
957 2409 1173 2466 DIONYSIANA.

398 2514 482 2568 Nimis
493 2514 576 2568 multa
587 2513 679 2568 iecisse
690 2513 769 2568 verba
781 2513 879 2579 videor,
894 2530 943 2568 nec
960 2513 1023 2568 dum
1034 2519 1122 2568 tamen
1133 2513 1172 2567 rei
1183 2513 1266 2584 ipsius
1277 2519 1359 2584 caput
1369 2513 1490 2584 attigisse

331 2597 453 2654 Nondum
470 2600 540 2654 enim
556 2615 608 2670 quo
627 2615 695 2654 anno
713 2599 841 2670 quibusve
857 2616 923 2654 coes.
935 2605 1014 2654 nstm
1029 2600 1064 2654 sit
1079 2599 1258 2671 exposuimus.
1280 2599 1337 2654 Ηοο
1348 2597 1491 2670 igiturqui-

331 2701 434 2756 cunque
446 2692 516 2739 certe
527 2685 627 2738 ratione
638 2685 796 2756 investigere
807 2685 894 2739 conati
905 2691 979 2751 sunt,
994 2685 1056 2740 licet
1070 2703 1123 2739 non
1139 2684 1229 2738 cadmo
1240 2685 1308 2738 inter
1318 2701 1348 2738 oe
1360 2685 1493 2750 merui.

332 2787 383 2824 nno
399 2776 488 2824 minen
504 2770 646 2841 eodemque
657 2769 744 2824 Lucae
760 2770 909 2824 maimonio
925 2769 985 2824 troii
1002 2769 1116 2824 divorsas
1131 2770 1159 2824 in
1175 2777 1264 2842 partes
1276 2769 1407 2825 abierunt
1429 2769 1481 2824 Scri

331 2861 420 2927 pserat
430 2855 593 2926 evangelista
604 2856 765 2926 baptizatum
780 2871 837 2908 esso
853 2855 988 2909 dominum
1004 2871 1073 2909 anno
1089 2871 1135 2908 xv.
1145 2855 1256 2921 'liberii‚
1272 2875 1327 2910 curn
1344 2867 1411 2910 erret
1422 2857 1492 2926 prud

332 2959 454 2995 annorum
466 2945 589 3012 respires.-
611 2939 658 2994 list
675 2939 749 3001 αὐτὸς
765 2933 795 3006 ἦν
812 2938 826 2992 d
839 2937 933 3007 Ἰησοῦς
948 2937 1003 3002 stet
1018 2937 1080 2992 ἐτῶν
1096 2937 1226 3011 τριὰοντα
1242 2939 1382 3012 ἀρχόμενος
1396 2941 1444 3010 dre,
1460 2938 1490 2999 ὡς

331 3023 454 3096 ineptiore
466 3033 515 3082 etc.
539 3025 611 3091 Quae
623 3026 701 3080 rerba
713 3041 795 3080 unum
806 3024 876 3079 istud
888 3025 1050 3096 significant,
1066 3042 1119 3080 ηοη
1131 3026 1243 3080 multum
1255 3027 1415 3081 atricesimo
1426 3039 1490 3078 anno

331 3113 423 3166 astatis
434 3111 558 3166 abfuisse.
577 3111 630 3165 Sed
641 3116 729 3167 utrum
738 3111 868 3166 tricesimo
881 3110 1001 3165 absoluto
1013 3116 1039 3164 et
1049 3111 1131 3166 attero
1143 3127 1174 3164 ac
1186 3111 1316 3167 tricesimo
1328 3113 1448 3176 ineunte,
1458 3125 1488 3163 an

330 3202 392 3268 post
401 3213 476 3252 xxix.
496 3197 602 3250 mennte
614 3215 676 3252 xxx.
688 3196 715 3251 id
730 3195 865 3260 acciderit,
882 3195 976 3250 diserte
991 3212 1044 3250 non
1061 3196 1203 3267 explicant
1237 3197 1292 3252 lmo
1304 3213 1368 3252 roro
1378 3198 1439 3252 iioot
1448 3196 1489 3248 xli·

332 3283 390 3353 quis
402 3281 534 3336 Christum
546 3299 615 3336 auno
628 3299 734 3346 ravum,
746 3283 787 3335 vel
797 3299 905 3347 xxxrrr.,
916 3281 1078 3352 baptizatum
1089 3298 1147 3336 erse
1158 3281 1241 3348 dieat,
1252 3298 1305 3336 uon
1315 3289 1407 3338 tamen
1417 3297 1488 3336 eran·

332 3367 429 3438 gelicae
441 3368 573 3422 autoritati
584 3383 643 3421 meo
655 3366 749 3420 iudicio
767 3371 907 3437 repugnet,
924 3366 955 3420 de
973 3383 1023 3437 quo
1041 3367 1209 3438 postmodum
1219 3367 1357 3424 ridebitur.
1382 3367 1434 3422 Sed
1447 3365 1487 3436 qui

331 3452 416 3507 Lucae
424 3451 504 3506 verba
515 3452 711 3523 angustioribus
722 3453 813 3524 spatiis
826 3452 1096 3522 circumscripserunt,
1113 3453 1158 3506 atii
1166 3471 1220 3508 xxx
1237 3459 1299 3508 tunc
1310 3469 1396 3508 annos
1407 3453 1487 3521 expie-

331 3543 373 3592 tos
384 3537 477 3603 inmas,
494 3538 540 3592 aiii
552 3555 617 3592 xxrx
632 3537 761 3592 duntaxst
772 3538 872 3608 opinati
882 3544 951 3591 sunt
969 3535 1077 3608 Utrique
1084 3554 1146 3593 vcro
1155 3537 1314 3610 baptizatum
1321 3535 1488 3593 voluntiibri·

332 3629 403 3678 stum
413 3623 531 3678 Geminis
543 3623 644 3678 duobus
656 3639 723 3678 coss.
737 3639 805 3676 anuo
817 3622 917 3676 iuliano
927 3639 1029 3688 num,
1042 3622 1110 3693 quod
1121 3623 1148 3678 in
1160 3639 1221 3677 enm
1233 3623 1330 3678 ineidat
1338 3624 1436 3679 {tiberii
1446 3638 1487 3676 an·

331 3726 381 3764 nus
393 3727 436 3764 xv.
448 3709 579 3780 superiore
592 3725 661 3762 anno
673 3725 707 3762 ex
718 3709 750 3764 A.
756 3708 787 3762 1).
796 3725 849 3764 xrs.
858 3707 916 3764 Kal.
926 3707 999 3778 Sept.
1011 3706 1158 3763 inchoatus.
1175 3707 1248 3762 Unde
1260 3725 1319 3764 cum
1329 3709 1358 3764 in
1370 3707 1487 3782 baptimi

331 3811 400 3849 anno
412 3795 581 3859 conveniunt,
592 3794 621 3849 in
632 3794 714 3848 natali
724 3795 781 3866 ipso
793 3809 846 3847 nno
857 3809 927 3846 anno
937 3793 1069 3849 dissident.
1085 3793 1200 3848 Priorem
1209 3792 1241 3847 de
1248 3793 1354 3866 expleto
1361 3791 1486 3850 trioedmc

332 3896 401 3934 anno
418 3885 517 3934 sectam
534 3886 560 3934 et
575 3879 724 3950 opinionem
735 3879 849 3933 enodes
861 3877 1037 3934 Ecclesiastici
1052 3883 1209 3950 sequuntur,
1229 3879 1392 3951 umdemque
1407 3885 1486 3934 matut

331 3967 455 4020 acerrime
467 3965 585 4036 Scaliger
595 3983 631 4020 rr.
645 3963 676 4018 de
688 3963 795 4020 Emend
806 3965 896 4035 Toup.
919 3963 972 4018 Sed
986 3979 1097 4036 magno,
1114 3970 1143 4018 at
1150 3963 1235 4030 solet,
1251 3970 1346 4020 conatu
1361 3966 1486 4022 levissime

330 4052 432 4122 probat
465 4051 508 4104 Sic
525 4051 596 4107 enim
606 4050 722 4104 dissent:
740 4047 858 4104 (ibristus
869 4049 997 4105 Dominus
1009 4069 1063 4107 xxx
1075 4065 1158 4104 mnes
1173 4052 1329 4106 absolverat.
1358 4051 1484 4106 Namxxx

331 4152 458 4190 annornm
470 4138 492 4189 is
504 4153 563 4190 esse
575 4135 668 4191 dieitur
680 4137 725 4206 qui
736 4135 897 4190 tricesimum
908 4151 1007 4190 annum
1020 4136 1143 4191 absolvit:
1162 4142 1192 4189 ut
1207 4138 1344 4192 anniculus
1360 4143 1402 4192 est
1411 4139 1433 4191 ia
1443 4136 1485 4206 qui

332 4237 445 4276 ccccxv.
455 4221 523 4276 diem
535 4221 635 4292 attigit,
647 4221 808 4292 Leg.dnnic.
818 4221 849 4276 de
858 4221 935 4276 Verb.
945 4223 1013 4293 sign
1031 4221 1105 4286 Quod
1117 4227 1205 4276 autern
1215 4223 1319 4292 scripsit
1328 4223 1425 4288 Lucas.
1435 4219 1484 4282 «id

297 4315 303 4328 ·
332 4305 473 4377 τριάκοντα,
488 4308 616 4378 particula
632 4308 684 4361 ista
696 4305 769 4379 Gaph
781 4312 885 4360 estnon
897 4305 1057 4380 ἇκορητοὼν,
1074 4307 1120 4360 sed
1131 4305 1257 4378 ἀληθινὸν,
1268 4307 1372 4362 utillud
1382 4308 1451 4362 Ioam
1463 4307 1483 4357 i.

331 4398 406 4462 quom
415 4397 540 4462 oniperto
551 4413 567 4446 ο
575 4403 663 4463 putre.
679 4393 733 4446 Sed
743 4403 807 4457 esto,
819 4393 917 4464 inquit,
929 4392 1089 4464 inopprmbe:
1101 4393 1188 4446 Porci
1196 4399 1276 4463 ὀφίων
1284 4395 1339 4448 dies
1347 4393 1484 4464 conplendo

331 4495 393 4534 xxx.
405 4497 473 4532 conc
489 4481 610 4542 deerant,
623 4489 690 4548 pero
706 4497 754 4544 xx,
770 4481 812 4532 oct
825 4484 931 4532 mencio:
946 4497 1088 4549 paooprrnm
1104 4496 1135 4530 oe
1150 4483 1241 4532 moncia
1251 4481 1349 4548 quiden
1361 4482 1484 4548 desum

331 4565 457 4628 videatur,
473 4570 498 4618 ai
511 4561 566 4625 ὡςεὶ
582 4561 735 4633 ἀπορητικῶς
750 4569 917 4634 accipr'aroua.
940 4563 993 4617 Sed
1002 4568 1093 4616 menori
1104 4565 1270 4630 decideretur,
1282 4575 1328 4618 aer
1337 4567 1386 4618 deo
1396 4579 1484 4616 mm

331 4667 398 4704 uoco
410 4653 536 4702 tricesimo
547 4649 712 4714 odmioeod03
731 4659 755 4703 et
766 4651 821 4704 dics
832 4651 952 4719 baptismi
963 4661 1013 4704 ceto
1025 4667 1059 4706 ru.
1073 4650 1132 4704 Ion.
1155 4649 1227 4720 Erpo
1239 4651 1323 4704 eodem
1335 4669 1401 4703 nono
1408 4647 1482 4719 poeto
