3252 5158
1185 389 1295 448 OOXXl

130 544 198 602 Itan
208 545 388 602 Ganuaxvnr.
406 547 571 612 Poerriteatea
583 550 627 616 psi
636 550 664 599 ia
675 548 821 616 infirmitate
829 549 951 600 mobcuaa
959 545 1134 600 eucharistiae
1142 549 1295 615 occeperint,

130 651 180 686 sors
187 649 215 685 se
224 634 334 686 credunt
341 633 467 686 obsoletos
473 635 528 686 aine
537 650 627 686 monus
634 635 798 702 impositione,
807 635 832 682 ai
838 635 1032 700 repensarent.
1048 629 1078 684 In
1087 629 1196 684 Conatit
1205 632 1296 701 Δροσί.

129 717 175 772 lib.
184 735 215 772 rr.
228 733 286 789 cap.
294 735 348 772 aur.
360 715 376 782 ἡ
388 717 526 788 χειροθεσίαν
536 717 730 788 poenitentibus
741 711 793 767 issi
801 719 846 768 τοῦ
858 713 998 785 belopares
1009 731 1067 770 sese
1076 715 1176 770 dicitur.
1191 717 1227 770 At
1235 731 1296 770 roro

129 817 227 856 nsanos
237 802 371 873 impositio
382 804 488 872 propris
499 805 541 868 τῆς
553 801 720 862 insanissime
730 801 813 854 inisse
823 801 932 854 ridetur.
961 799 1017 864 Quo
1029 801 1056 854 iu
1068 801 1152 871 gradu
1163 803 1297 871 poeniten·

130 893 170 940 tes
187 888 238 942 sub
256 887 372 959 episcopi
389 903 483 942 munus
501 889 638 952 subibant3
656 887 725 940 unde
742 889 784 953 τῆς
800 884 967 946 memineo<
977 886 1134 940 vocabulum
1150 885 1296 942 mianum.

129 973 216 1042 litque
227 971 277 1026 boc
289 981 351 1026 sote
361 978 521 1043 postremam
533 973 724 1027 absolutionem
737 987 767 1024 ac
775 972 1013 1026 reconciliationem
1021 972 1126 1042 saepius
1135 971 1296 1026 iertitebant

130 1055 161 1110 ln
172 1056 279 1112 Laodic.
290 1056 355 1113 Gan.
365 1075 421 1113 arx.
433 1058 480 1112 ubi
490 1059 654 1128 liturgiarum
665 1056 878 1110 celebrandarum
889 1056 975 1110 torma
984 1058 1176 1126 praescribitur,
1187 1055 1241 1126 aspi
1252 1061 1296 1110 τοῦ

130 1142 180 1194 baie
198 1139 249 1214 ἰδίᾳ
263 1145 363 1214 πρῶτον
379 1139 441 1212 μετὰ
456 1139 499 1204 τὰς
516 1140 612 1213 ὁμιλίας
630 1144 680 1194 τῶν
691 1139 832 1194 incuriosos
844 1140 884 1194 sai
896 1143 946 1193 τῶν
957 1141 1149 1212 κατηχσνμένων
1161 1141 1235 1212 εὐχὴν
1246 1138 1297 1194 iar·

132 1226 264 1298 semeias,
277 1228 318 1280 sol
328 1226 388 1298 perir
398 1227 426 1280 rb
436 1226 538 1290 ὶξσλῦἐὶν
548 1226 604 1288 τοὺς
614 1226 820 1298 κατηχονμίνσνς,
831 1228 881 1278 τῶν
891 1224 915 1278 ἐν
925 1226 1039 1297 μετανοίᾳ
1047 1226 1090 1293 τὴν
1099 1225 1173 1297 εὐχὴν
1183 1227 1297 1298 γίνεσθαι,

133 1312 174 1366 καὶ
184 1313 281 1364 τούτων
292 1311 476 1384 σροςσλθόντων
486 1311 533 1366 isc'o
542 1317 623 1384 χεῖρα,
635 1311 676 1364 sal
685 1309 910 1382 ὑποχωρησάντων,
922 1311 1002 1373 οὕτως
1010 1311 1053 1373 τὰς
1064 1309 1137 1382 εὐχὰς
1146 1315 1196 1364 τῶν
1205 1317 1297 1366 πιστῶν

130 1395 241 1468 γίνεσθαι
252 1401 323 1470 spate.
358 1396 509 1468 Agetbense
520 1398 600 1452 Gouc.
614 1397 678 1454 Can.
688 1415 731 1453 ss.
761 1397 919 1451 Poeniterles
930 1409 1051 1468 tempore,
1064 1415 1109 1467 quo
1116 1403 1298 1468 poenierim

129 1494 232 1553 persar,
242 1488 425 1554 inpositionem
436 1501 553 1537 mansura
566 1492 591 1536 et
601 1484 713 1536 cilicinas
723 1500 801 1553 super
809 1491 888 1552 caput
897 1503 914 1536 o
921 1486 1062 1547 sacerdote,
1070 1487 1136 1536 sicot
1143 1485 1232 1554 ubique
1241 1501 1299 1536 cos·

130 1573 245 1622 masura
257 1579 306 1634 est,
320 1578 513 1638 consequentur.
546 1569 613 1623 Item
630 1567 752 1638 Certbag.
760 1586 796 1622 rr.
814 1568 877 1622 Gan.
889 1585 969 1624 unu.
1006 1569 1080 1622 Omni
1090 1578 1199 1638 tempore
1209 1571 1300 1622 icissss'a'

131 1673 223 1708 nassa
227 1655 414 1724 poenitentibus
425 1673 443 1708 o
451 1654 627 1708 aocerdm'bsa
637 1659 791 1724 isapoaotse.
808 1651 898 1722 ltaque
910 1669 970 1706 cum
981 1654 1015 1708 ab
1027 1652 1166 1706 ὑποστῶσιν
1177 1655 1211 1708 ad
1222 1669 1299 1724 quar·

134 1745 193 1793 tum
204 1739 323 1794 ordinem
336 1755 366 1793 so
377 1747 539 1810 postremum
550 1739 706 1809 migrarent,
716 1738 850 1808 probabile
862 1744 902 1792 oet
910 1755 956 1808 per
968 1740 1161 1810 impositionem
1173 1755 1300 1794 manuum

131 1825 349 1879 mnmeutelem
360 1823 412 1878 illie
423 1824 615 1880 absolutionem
626 1823 785 1895 impertitam
795 1823 885 1878 inisse.
920 1823 1011 1894 Neque
1027 1825 1108 1889 enim,
1127 1825 1195 1896 quod
1209 1827 1299 1890 scians,

131 1910 235 1980 antiqui
246 1925 360 1964 anonae
371 1915 433 1982 post
443 1911 560 1963 oloronis
571 1910 764 1980 poenitentibus
774 1909 924 1980 impositam
936 1925 993 1963 esse
1005 1909 1166 1980 significant,
1182 1909 1229 1964 sesi
1241 1927 1300 1964 eam

130 1996 328 2066 impositionem
344 2011 406 2049 cum
422 1993 564 2048 ὖποπτὼσει
581 1996 751 2066 coniungunt.
787 1993 859 2059 Quae
874 1996 1022 2051 coniectura
1037 1994 1060 2048 si
1071 1997 1113 2049 cui
1123 1995 1232 2050 lorsitan
1244 1996 1299 2065 pla·

134 2081 232 2146 cuerit,
249 2079 283 2137 acl
298 2081 425 2134 nonnulla
436 2089 541 2152 patrum
552 2083 612 2136 loca
628 2080 762 2136 sandari
779 2081 1020 2150 accommodarique
1035 2082 1142 2152 poterit,
1159 2081 1187 2134 iu
1204 2081 1299 2150 quibus

130 2165 295 2238 penitentia
306 2167 363 2220 sins
375 2167 558 2220 communione
569 2167 647 2221 certia
658 2166 839 2237 peccatoribus
855 2181 978 2220 concessa
993 2167 1096 2236 legitur.
1130 2165 1165 2220 Ut
1181 2182 1241 2219 cuns
1258 2167 1299 2220 lu·

94 2241 99 2252 ’
131 2252 271 2306 nocentium
283 2266 354 2322 papa
364 2251 461 2317 scribit,
473 2252 536 2306 olim
547 2251 589 2316 iis,
601 2252 646 2323 qui
657 2252 894 2306 reconciliationem
905 2251 955 2306 sub
965 2259 1110 2306 extremum
1119 2259 1223 2322 tempos
1231 2251 1300 2304 sitae

131 2337 317 2408 postulabant,
335 2343 433 2408 negata
449 2337 646 2402 communione,
663 2352 815 2390 concessam
832 2353 890 2390 esse
905 2337 1099 2408 poenitentiam.
1134 2337 1199 2392 Nam
1211 2337 1300 2408 poem·

132 2423 232 2476 untias
242 2422 349 2476 nomine
361 2423 557 2476 sacramentalis
568 2423 698 2477 absolutio
713 2429 800 2493 potest
814 2423 924 2493 intelligi
941 2437 1020 2492 quam
1035 2424 1100 2476 citra
1110 2421 1234 2476 dominici
1245 2438 1300 2476 eor·

132 2509 204 2579 poris
217 2508 443 2580 perticipationem
454 2509 657 2580 impetraverint.
689 2508 833 2578 Cyprianus
851 2509 957 2578 insuper
973 2507 1054 2578 Epist.
1069 2525 1114 2572 ar,
1131 2519 1190 2562 oste
1206 2518 1300 2572 octos,

133 2595 233 2664 inquit,
243 2599 437 2664 poeaitentiam,
454 2605 514 2648 onte
525 2595 722 2663 esbomoIopeeie
733 2597 882 2662 prooabn'mi
897 2602 972 2662 atque
982 2598 1087 2646 eatresrs'
1097 2596 1186 2648 delicti
1188 2598 1301 2664 farctcss,

134 2689 196 2734 aare
205 2697 307 2732 morsm
320 2681 353 2732 ab
365 2684 482 2750 episcopo
494 2688 519 2732 et
529 2681 597 2734 clero
607 2683 826 2748 inpoenitentium
838 2683 987 2748 impositam.
1022 2677 1061 2732 Ibi
1078 2679 1238 2750 poenitentia
1254 2695 1301 2749 pro

133 2765 300 2819 absolutione
315 2765 435 2836 usurpari
446 2765 554 2830 ridetur,
573 2771 603 2818 ut
618 2771 646 2817 et
660 2764 724 2818 alibi
740 2764 851 2834 passim,
869 2766 970 2834 quoties
989 2764 1020 2816 de
1036 2765 1248 2818 reconciliatione
1264 2766 1301 2819 lo-

133 2866 219 2920 quens
229 2849 263 2904 iis
274 2851 360 2904 verbis
372 2851 462 2915 utitur,
474 2869 550 2904 saona
562 2855 590 2903 io
598 2853 781 2920 poenitentium
792 2854 919 2919 imposito.
947 2849 1073 2914 Quocirca
1084 2851 1110 2902 in
1122 2849 1175 2904 fluo
1187 2855 1228 2916 τῆς
1240 2848 1301 2902 isero-

134 2935 255 2997 πτώσεως
270 2935 372 2989 fortean
390 2952 484 2990 manus
500 2937 527 2990 in
544 2935 734 3006 poenitentiam
745 2935 868 3005 imposita
878 2935 939 3000 tuit,
955 2934 1005 2988 hoo
1020 2941 1060 2988 eet
1071 2935 1201 2990 absolutio
1212 2951 1301 2990 recon-
1327 2947 1401 3000 nisu

134 3021 287 3091 ciliatioque
298 3021 359 3074 data
370 3023 577 3091 poenitentibus,
589 3022 627 3074 alc
639 3027 668 3075 nt
678 3021 805 3091 tantisper
817 3037 833 3074 e
844 3021 974 3089 mysteriis
986 3021 1153 3074 abstinerent

204 3107 299 3160 Verum
312 3123 346 3160 ne
357 3105 417 3160 bulo
430 3108 595 3162 coniecturae
606 3107 715 3160 nimium
733 3105 874 3170 conficiam,
891 3121 972 3158 unum
987 3105 1052 3158 illuri
1069 3105 1132 3160 iacit
1148 3106 1217 3177 qood
1228 3113 1301 3160 setu-

134 3191 246 3244 malini
262 3199 362 3262 patres,
380 3193 562 3264 imprimisque
579 3193 723 3264 Cyprianus
740 3197 801 3262 poet
821 3191 1016 3262 exomologesin
1033 3197 1229 3262 extremamque
1246 3208 1300 3246 me·

131 3293 218 3330 nuum
235 3277 429 3347 impositionem
447 3277 535 3332 atatim
552 3278 584 3332 ad
600 3277 783 3347 mysteriorum
799 3277 1007 3330 communionem
1025 3277 1067 3330 ius
1079 3275 1202 3332 habuisse
1213 3277 1301 3348 poeni·

133 3369 221 3416 untes
233 3379 285 3416 nou
298 3364 409 3418 obscure
421 3363 608 3417 demonstrant.
626 3363 670 3416 Sic
681 3363 708 3416 in
721 3361 801 3434 Epist.
812 3379 837 3416 r.
849 3362 882 3415 ed
892 3360 1008 3416 Clarum:
1020 3363 1091 3416 licre
1100 3381 1155 3416 cum
1164 3368 1190 3416 in
1199 3367 1300 3416 minori·

134 3447 179 3500 bue
193 3453 313 3518 peccetis
329 3449 465 3520 {Cypriani
481 3450 560 3502 uerba
576 3450 647 3516 suut)
665 3458 748 3517 cpont
757 3457 909 3518 peccatores
917 3452 1098 3517 poenitentiam
1110 3453 1173 3502 s'ueto
1185 3459 1301 3520 tempore,

134 3545 159 3586 et
168 3535 307 3588 secusdum
318 3535 474 3604 disceptione
484 3538 597 3586 oraiinem
609 3537 647 3587 ori
656 3535 837 3602 exomolopeaiu
848 3537 962 3597 sesicut,
974 3542 1000 3585 et
1006 3551 1056 3603 per
1067 3551 1156 3586 mansa
1166 3539 1302 3604 impositio·

134 3637 191 3672 sesa
209 3623 324 3690 epiceopi
339 3629 365 3674 et
381 3622 446 3672 cieri
461 3624 502 3672 ius
520 3624 753 3673 commessationis
769 3622 915 3689 acceptant,
933 3637 998 3671 narse
1010 3621 1089 3672 crudo
1107 3629 1228 3689 tempore,
1240 3639 1301 3690 per-

134 3709 264 3758 secutione
275 3705 361 3757 adbuc
366 3713 558 3775 perseverante,
572 3707 678 3758 noudum
688 3708 806 3758 cerritulo
816 3706 937 3758 eccleciae
945 3708 1112 3774 epsicopoce,
1123 3707 1161 3758 od
1169 3711 1301 3758 ceramuss-

135 3793 262 3843 emisses
274 3792 450 3854 admittuntur,
462 3801 487 3844 et
497 3793 604 3860 offertor
614 3809 700 3844 nomen
712 3807 808 3852 eorum,
826 3799 850 3841 et
864 3792 969 3842 norim
985 3795 1140 3859 poenitentia
1152 3801 1225 3854 octo,
1243 3809 1301 3844 nora·

136 3877 197 3928 duaa
208 3877 466 3944 mmdopeas'sacto,
480 3877 586 3928 noudum
596 3895 671 3929 mous
680 3879 718 3928 eis
726 3877 759 3930 ob
768 3879 885 3946 episcopo
894 3884 918 3928 et
926 3877 993 3928 ciero
1001 3879 1132 3944 imponito,
1143 3877 1302 3930 curbaristio

135 3961 191 4012 illia
203 3961 289 4015 datar.
319 3959 390 4014 Idem
403 3961 495 4030 repetit
506 3959 586 4030 Epist.
597 3979 633 4014 ιι.
646 3977 677 4014 so
689 3977 735 4014 arr.
748 3969 774 4014 et
786 3961 917 4014 sexcentis
929 3961 987 4016 aliis
1000 3961 1071 4014 locis.
1105 3960 1145 4014 Ex
1158 3962 1253 4031 quibus
1265 3962 1301 4015 si·

135 4045 232 4110 ficitnr,
250 4045 355 4098 nonnisi
373 4052 478 4115 peracta
494 4045 666 4115 poenitentia,
688 4052 714 4099 et
732 4046 782 4099 sub
802 4045 880 4100 linem
901 4043 1039 4106 συστάσεως
1056 4053 1213 4115 postremam
1230 4048 1302 4101 illam

136 4145 265 4184 mannum
280 4130 487 4200 impositionem,
506 4145 558 4200 qus
578 4131 771 4184 sacramentalis
788 4131 917 4183 absolutio
937 4131 1123 4195 continebatur,
1140 4134 1302 4201 poenitentes

138 4216 293 4270 obtinuisse.
321 4213 391 4268 Nihil
411 4215 480 4270 enim
497 4216 670 4286 interpatent
688 4223 715 4269 et
725 4216 960 4270 reconciliationem
977 4231 1007 4270 uc
1023 4217 1206 4285 mysteriorum
1224 4219 1302 4288 parti-

137 4301 308 4374 cipandorum
319 4299 361 4354 lus
377 4301 595 4370 interponendum
606 4301 715 4366 ridetur,
730 4307 757 4355 et
772 4311 907 4370 utrumque
924 4302 1114 4356 communionis
1129 4304 1302 4373 appellatione

139 4383 374 4458 comprehenditur.
391 4386 439 4440 liic
452 4387 532 4456 igitur
540 4384 636 4457 ἐπέχω,
649 4386 732 4458 deque
744 4403 775 4440 es
786 4403 813 4440 re
826 4387 959 4441 doctorum
971 4395 997 4440 et
1008 4387 1170 4457 antiquitatis
1181 4389 1302 4443 ecclesia·

139 4473 220 4526 eticae
232 4473 411 4526 consultorum
423 4469 559 4526 bominum
571 4471 695 4526 iodicium
708 4479 825 4543 expecto.

206 4556 239 4612 ll.
253 4575 270 4610 r.
294 4549 375 4620 Οὗτος
388 4553 547 4626 illabitur]
578 4557 617 4611 De
629 4557 723 4613 Novati
734 4566 760 4612 et
770 4557 907 4612 Nosetiani
918 4557 1066 4612 discrimine
1078 4565 1164 4614 sotum
1177 4565 1218 4614 est
1227 4561 1301 4616 initio

139 4643 280 4717 superioria
289 4642 423 4698 dianibae.
444 4642 501 4710 Quo
511 4651 627 4716 ternpore
636 4659 710 4712 sero,
723 4643 841 4716 quisquis
852 4645 895 4699 ille
905 4651 957 4712 est,
969 4643 1083 4700 haeresis
1094 4653 1169 4702 antor
1180 4647 1302 4714 extiterit,
