3216 5152
337 367 445 426 XXXII

337 539 372 577 ex
383 524 433 578 hoc
444 522 516 578 lente
527 537 580 576 non
592 521 657 575 eatis
668 525 760 575 cautae
770 521 989 593 interpretationis
998 521 1065 578 falsa
1074 521 1105 576 de
1114 521 1205 594 Kpiph.
1213 521 1362 576 testimonio
1371 523 1488 576 mutantia

338 607 471 680 profluxit.
494 607 649 678 Quanquam
660 625 713 662 uon
728 607 793 661 illud
810 607 974 678 ignoramus,
989 609 1149 663 anennullis
1161 608 1336 662 Hebraeorum
1350 607 1488 662 doctoribus

337 696 461 748 coelestes
478 695 553 748 orbes
570 695 658 748 amma
673 694 897 765 intelligentiaque
908 693 1039 764 maeditos
1051 695 1203 748 existimari.
1226 694 1311 759 Quam
1321 693 1404 748 hebbi
1414 694 1487 746 blesis

338 781 486 850 opinionem
497 780 581 835 David
592 779 694 836 Ximchi
705 780 732 833 in
764 781 838 834 sulm.
849 779 915 833 XIX
927 777 967 832 his
978 781 1064 834 verbis
1077 781 1201 851 explicat:
1214 783 1287 870 W
1299 785 1395 842 ,ἪῚὯ
1407 783 1488 840 πῆξιν

336 869 397 930 il'th
415 870 500 931 lllli't
522 871 558 928 ’θ
575 868 726 928 &min
803 871 825 930 :³
843 868 1004 929 Ε’ἿΏΟΞ
1020 871 1129 928 maara>
1147 867 1277 928 filim
1294 871 1352 927 ὮἿ
1370 869 1488 926 Εἱπῆ

337 962 524 1024 mausona
545 930 644 1034 &ab
663 963 783 1024 carseo
795 930 951 1034 nahason
968 962 1044 1022 mro
1062 929 1211 1034 nebahan
1233 965 1268 1020 ru
1285 929 1489 1028 premebar

336 1021 415 1126 §aaa
434 1060 513 1116 mh:
532 1059 628 1116 anate:
646 1055 732 1107 Rulli
742 1055 836 1118 dieses,
848 1055 944 1124 Inquit,
960 1072 1044 1106 ccccm
1055 1056 1141 1118 idom,
1153 1059 1286 1118 enarrant,
1298 1057 1336 1105 sr'c
1348 1056 1457 1122 apocal,
1468 1061 1491 1103 ut

338 1141 376 1192 cd
386 1142 504 1194 coelestes
515 1142 588 1194 orbes
599 1145 708 1209 reperet,
725 1145 842 1210 ᾳυοκκακκ
858 1139 923 1193 boec
940 1141 1010 1192 illios
1025 1157 1057 1192 oc
1064 1137 1272 1210 philosophentur
1283 1143 1368 1208 opinio
1379 1147 1426 1200 est,
1441 1153 1490 1190 coe·

336 1227 408 1278 testes
420 1228 492 1280 orbes
503 1232 588 1280 cicere
599 1236 623 1279 et
633 1227 774 1294 intelle'pcre
786 1245 818 1278 ac
828 1228 900 1278 deum
912 1227 1006 1289 colere,
1018 1228 1165 1295 summisque
1176 1226 1294 1278 laudibus
1305 1227 1416 1294 officere.
1430 1222 1490 1275 Illuc

336 1313 474 1366 coelicolas
485 1311 594 1366 Iudaeos
606 1312 639 1365 ab
650 1311 850 1382 Imperatoribns
863 1310 925 1364 God.
937 1311 968 1364 de
979 1310 1080 1365 Indaeis
1093 1317 1118 1364 et
1129 1310 1265 1366 caelicolis
1276 1309 1401 1380 appellari
1411 1313 1492 1362 cenea

334 1395 462 1452 Baronios
478 1397 536 1453 loco
553 1398 643 1463 citato,
660 1397 729 1468 quod
745 1403 816 1450 asna
832 1397 984 1467 coelumque
1000 1397 1121 1451 colerent.
1155 1397 1189 1450 At
1199 1396 1317 1466 Scaliger
1332 1396 1444 1448 nominis
1454 1409 1490 1446 ra·

334 1483 433 1538 donem
444 1483 520 1538 affert
530 1485 617 1538 aliam
642 1483 681 1537 De
693 1499 745 1554 qua
757 1481 791 1536 ad
801 1483 921 1536 ultimam
932 1479 1051 1536 haeresin
1063 1482 1233 1554 opportunius
1245 1481 1411 1536 disseremus.
1433 1479 1489 1534 Cae·

334 1574 418 1622 terum
429 1567 480 1623 hnc
491 1569 580 1624 reierri
590 1573 689 1640 potest,
701 1568 770 1639 qnod
782 1568 850 1640 apud
860 1567 930 1638 Orig.
942 1568 987 1622 lib.
1000 1585 1016 1622 r.
1037 1567 1127 1622 Celeus
1138 1567 1240 1622 ludaeis
1252 1567 1404 1622 obiiciebat:
1416 1565 1488 1636 λέγων

335 1653 423 1715 αὐτοὺς
435 1654 511 1726 σέβειν
523 1653 655 1726 ἀγγέλους,
668 1653 708 1706 καὶ
719 1653 818 1725 γοητείᾳ
829 1653 990 1724 reponeretur.

401 1738 655 1811 Ταῦτυδέμοιοὺκείς
667 1739 817 1812 sepelienta]
836 1738 969 1793 Pharisaei
977 1739 1118 1794 stellatum
1127 1746 1306 1810 agnoscerent,
1318 1755 1373 1792 non
1382 1739 1488 1791 humana

332 1831 420 1880 tamma
433 1827 521 1880 omnia
532 1844 566 1880 ex
577 1844 607 1880 eo
618 1825 730 1898 pendere
742 1825 902 1890 statuebant3
914 1841 999 1895 neque
1010 1826 1119 1880 liberam
1126 1825 1239 1879 hominis
1249 1825 1410 1878 voluntatem
1418 1828 1487 1892 atque

333 1912 461 1966 arbitrarii
471 1917 627 1984 potestatem
638 1929 652 1966 e
664 1912 749 1966 medio
765 1911 902 1974 tollebant,
919 1911 958 1964 uti
972 1911 1089 1981 pluribus
1105 1913 1218 1982 explicat
1231 1909 1357 1981 Iosephus
1374 1910 1418 1962 lib.
1429 1925 1486 1962 rrrl.

333 1997 404 2068 Orig.
416 2013 474 2069 cap.
482 2015 519 2064 ra,
532 2003 558 2052 et
568 1999 612 2052 lib.
623 2015 642 2052 rr
654 1996 746 2050 Ἀλώσ.
759 2013 815 2068 cap.
824 2015 871 2051 xrr.
892 1995 976 2060 Quare
985 1995 1049 2050 nibil
1058 2003 1113 2050 eret
1121 2013 1165 2050 cur
1173 1994 1333 2067 Epiphanius
1343 2001 1487 2066 sequentem

332 2084 455 2136 adversus
471 2089 613 2139 assertores
627 2084 675 2138 leti
692 2083 894 2154 disputetlonem
911 2087 1002 2136 contra
1014 2080 1166 2136 Pharisaeos
1183 2081 1350 2154 potissimum
1366 2081 1487 2150 ditigeret,

332 2175 459 2240 quatenus
477 2187 508 2223 ea
524 2187 566 2224 res
583 2168 758 2223 adhumanas
776 2169 891 2222 actiones
913 2175 1053 2240 earumque
1070 2169 1152 2222 libera
1172 2169 1281 2222 consilia
1291 2167 1416 2238 pertinet,
1428 2181 1487 2236 queo

332 2255 487 2311 Pharisaeos
498 2271 665 2327 nequaquam
677 2255 812 2310 sustulisse
824 2253 978 2309 Pharisaeus
989 2255 1082 2308 asserit
1092 2253 1224 2326 Iosephus.

446 2461 492 2515 si>
509 2459 679 2516 HAEIIESIN
696 2460 789 2527 xvn,
807 2459 896 2526 Ques
913 2461 977 2518 EST
993 2457 1385 2518 IIEMIIROBAP'IISTARUM.

398 2579 542 2636 Commune
550 2581 652 2636 Indaeis
661 2582 790 2647 omnibns,
801 2587 828 2636 et
835 2582 962 2653 imprImis
969 2581 1117 2636 Pharisaeis
1130 2582 1212 2636 luisse
1220 2582 1324 2634 Marem
1333 2578 1488 2650 evangelista

330 2671 440 2722 testatur
451 2683 507 2738 cap.
520 2684 566 2734 err,
577 2666 594 2720 3
605 2673 632 2720 et
642 2668 675 2732 4,
692 2672 721 2720 ot
737 2673 763 2720 et
778 2683 872 2722 manus
886 2667 1033 2738 frequenter
1048 2669 1195 2733 abluerent,
1210 2673 1236 2720 et
1252 2683 1269 2719 s
1284 2665 1341 2720 loro
1355 2665 1486 2719 redeuntes

330 2751 530 2824 baptizarentur.
553 2752 637 2817 Quare
648 2769 702 2807 non
713 2752 813 2807 ridetur
823 2755 961 2824 peculiaris
972 2753 1036 2808 hoec
1048 2760 1120 2808 secta
1131 2753 1285 2807 Iudaeorum
1297 2753 1430 2816 extitisse,
1441 2749 1487 2804 niti

330 2839 368 2892 ita
379 2839 508 2904 dicamus,
524 2840 676 2905 nonnullos,
695 2839 739 2908 qni
756 2855 785 2892 se
801 2839 937 2894 sanctitate
951 2846 1084 2910 praestare
1101 2840 1208 2894 caeteris
1223 2839 1332 2902 vehent,
1349 2855 1406 2891 non
1416 2835 1485 2890 modo

330 2926 432 2995 quoties
444 2925 527 2980 storo
538 2925 661 2990 redisset,
673 2926 853 2980 verumetiam
865 2926 969 2978 tametsi
977 2925 1070 2996 pedem
1079 2926 1156 2979 donno
1165 2941 1218 2978 non
1227 2924 1397 2988 extulissent,
1409 2923 1439 2976 de
1451 2922 1486 2974 die

329 3011 434 3081 saepius
445 3012 533 3064 lavare
543 3011 719 3065 consuevisse.
747 3009 899 3065 Cuiusmodi
908 3010 1004 3090 smus,
1015 3013 1059 3065 ille
1069 3011 1131 3076 fnit,
1147 3011 1190 3064 oni
1199 3027 1229 3064 se
1240 3007 1367 3080 Iosephus
1378 3009 1406 3062 in
1417 3008 1486 3062 disci·

329 3097 428 3168 plinsm
439 3096 555 3162 tradidit,
570 3104 600 3150 ut
615 3097 642 3150 lo
653 3097 709 3151 rita
723 3113 771 3150 sna
782 3097 908 3168 scripturn
919 3097 1033 3167 rqunit.
1061 3097 1135 3150 Hunc
1147 3097 1217 3150 enlm
1228 3095 1307 3149 refert
1318 3094 1411 3166 ψυχρῷ
1422 3093 1485 3146 esee

329 3180 372 3250 rho
383 3181 475 3254 ἡμέραν
486 3181 527 3233 aul
539 3180 581 3249 τὴν
593 3182 668 3234 νύκτα
679 3179 798 3243 πολλάκις
807 3181 942 3253 λουόμενον
954 3181 1015 3254 πρὸς
1028 3181 1130 3253 ἁγνείαν.
1143 3181 1187 3235 Sic
1195 3181 1288 3234 Essem
1299 3181 1370 3251 apud
1381 3180 1484 3234 eundem

327 3266 468 3338 Iosephnm
478 3267 522 3321 lib.
533 3285 562 3321 rr.
572 3283 629 3338 cap.
641 3285 687 3322 νιν.
699 3285 792 3340 corpus
804 3273 865 3322 ante
876 3269 963 3323 cibum
979 3268 1122 3322 abluebant
1134 3267 1237 3338 frigida
1267 3267 1334 3331 Quid
1348 3267 1431 3337 Igitur
1441 3265 1484 3320 Ile·

328 3353 529 3424 merobaptistae
537 3353 584 3420 illi,
593 3369 659 3424 quos
666 3351 825 3424 ldephanius
834 3354 919 3422 refert,
928 3355 1075 3420 meruerint,
1084 3359 1115 3407 ut
1122 3353 1270 3408 dbdnctarn
1279 3354 1314 3406 ab
1323 3353 1384 3406 aliis
1392 3357 1483 3406 sectam

329 3437 476 3509 efficerent,
488 3456 541 3492 non
552 3439 615 3493 satis
626 3439 806 3494 decerninus.

240 3539 301 3590 oca
395 3521 432 3578 Οὖ
444 3521 492 3594 μὴν
508 3521 646 3595 ἔξισουμένη
659 3527 710 3585 τοῖς
727 3525 927 3596 Σαδδουκαίοις]
961 3525 1011 3590 Qui
1026 3525 1111 3598 prime
1126 3525 1211 3596 specie
1225 3525 1364 3579 verborum
1380 3525 1482 3578 istorum

327 3626 420 3664 sensus
434 3610 556 3674 occurrit,
571 3609 594 3662 is
611 3615 664 3675 est,
681 3626 758 3680 quom
776 3628 829 3664 non
845 3610 923 3664 modo
934 3628 983 3664 uos
995 3612 1046 3682 ipsi
1058 3610 1103 3665 sed
1114 3612 1192 3664 etiam
1202 3610 1340 3664 Gomarius
1352 3610 1482 3682 expressit.

325 3695 565 3766 hemerobaptistae
581 3711 634 3748 non
649 3695 736 3749 solnm
750 3695 778 3749 in
793 3695 914 3766 neganda
926 3703 1085 3750 mortuorum
1097 3697 1298 3762 resurrectione,
1310 3714 1400 3751 verum
1412 3697 1437 3750 in
1449 3711 1482 3748 re·

325 3781 398 3854 lique
410 3781 482 3836 omni
493 3779 764 3850 dogmatumialeitale
775 3781 930 3837 concordare
943 3799 1001 3836 cum
1013 3782 1181 3836 Sadducaeis:
1195 3781 1277 3852 οὖμὴν
1290 3780 1428 3854 dissecatur
1441 3782 1482 3852 pl·

326 3885 381 3936 νον,
397 3867 491 3938 inquit,
503 3869 554 3927 τοῖς
567 3865 742 3927 Σαδδουκαίοις
753 3865 778 3918 ἐν
790 3872 820 3937 τῇ
832 3870 881 3919 τῶν
893 3871 983 3938 νεκρῶν
996 3865 1135 3938 ἀναστάσει,
1152 3865 1216 3920 ἀλλὰ
1228 3873 1257 3939 τῇ
1269 3867 1369 3940 ἀπιστίᾳ
1385 3869 1481 3925 καὶτοῖς

326 3949 418 4014 ἄλλοις,
448 3951 501 4006 Sed
516 3950 580 4006 haec
597 3953 727 4004 sententie
742 3953 775 4004 ab
790 3953 835 4017 lie,
851 3969 918 4022 quae
934 3953 1012 4024 paulo
1024 3961 1085 4008 ante
1096 3955 1231 4024 leguntur,
1247 3961 1304 4006 tum
1316 3955 1342 4007 ln
1354 3953 1481 4007 Brentesio

326 4044 456 4092 sectarum
473 4037 551 4109 hujus
567 4037 642 4102 libri,
664 4043 691 4090 et
706 4038 734 4091 in
756 4038 937 4092 universarum
953 4039 1172 4110 anacephalaeosi
1190 4040 1352 4110 reperiuntur
1373 4042 1407 4093 ab
1426 4039 1481 4108 lipi-

323 4123 432 4194 phanio,
444 4121 609 4178 vehementer
620 4121 735 4176 dissidet
760 4123 828 4178 Nam
840 4124 935 4194 ubique
950 4131 1100 4179 constanter
1114 4125 1237 4183 asseritur
1249 4125 1481 4196 Hemerobsptistss

324 4210 453 4264 aludaeis
468 4211 576 4280 reIIquis
592 4209 667 4264 nuha
681 4209 709 4262 in
720 4215 792 4279 parte
804 4207 963 4280 discrepem
980 4211 1049 4280 sive,
1066 4217 1096 4264 ut
1105 4211 1155 4266 hoc
1165 4213 1222 4265 loco
1234 4213 1349 4282 scripsit,
1361 4227 1377 4264 a
1388 4209 1480 4264 Scribis

324 4301 351 4348 el
366 4295 518 4348 Pharisaeis.
547 4295 622 4358 Quod
639 4296 662 4348 si
678 4311 842 4348 communem
857 4311 918 4350 cunr
934 4297 1091 4350 Sadducaeis
1107 4299 1273 4368 negationem
1290 4297 1480 4350 resurrectionis

325 4378 473 4446 habuerint,
485 4382 588 4452 aliaque
600 4381 736 4450 dogmate,
753 4383 848 4452 quibus
859 4383 904 4436 isti
916 4398 931 4435 a
943 4381 1087 4436 Phariseeis
1103 4389 1130 4435 et
1141 4384 1233 4437 scribis
1245 4389 1380 4454 tantopere
1391 4380 1479 4436 abhor-

324 4465 423 4532 rebant,
435 4471 465 4519 nt
475 4467 508 4520 ad
519 4466 698 4521 Samaritanus
710 4467 869 4533 accederent,
880 4467 1098 4538 quemadmodum
1110 4469 1137 4520 in
1148 4469 1250 4522 illorum
1260 4469 1412 4524 declaranda
1422 4467 1479 4520 hae·

323 4551 375 4604 resi
386 4557 496 4604 testetur
509 4557 562 4616 est,
578 4552 694 4623 proiecto
705 4553 817 4606 multum
829 4570 888 4608 cnm
900 4570 916 4606 a
927 4555 1032 4624 reliquie
1045 4552 1201 4608 ludaeorum
1211 4555 1379 4618 lectionibus,
1394 4561 1449 4608 tum
1464 4566 1479 4604 a

323 4635 469 4691 Pharisaeis
480 4651 512 4691 ac
522 4637 620 4692 Scribis
631 4639 871 4708 Hemerobeptistas
882 4640 995 4710 separati
1005 4645 1073 4694 suut.
1103 4639 1175 4704 Quae
1189 4655 1232 4696 me
1247 4642 1313 4698 ratic
1329 4645 1478 4702 commoret,
