3252 5158
1200 307 1281 364 cxcl

276 499 322 554 AD
339 499 513 554 nunonem
529 497 602 566 ult,
621 493 710 562 QUAE
727 496 791 551 EST
808 493 1130 551 rnuonorlurlouurt.
1307 495 1382 548 pare

187 601 315 656 Theodoti
328 602 437 658 coriarii
447 599 586 672 Byzantini
600 601 720 654 meminit
736 599 863 654 Eusebius
878 600 956 656 lib.v.
973 597 1063 654 histor.
1081 615 1138 670 cep.
1149 615 1239 663 xxrru,
1255 603 1282 650 et

119 687 162 740 alii
183 688 255 742 citati
275 705 292 740 a
309 687 422 741 baronio
440 703 463 740 a
478 687 534 740 196.
551 685 714 756 Augustinus
731 683 934 739 Theodotionem
953 685 1078 740 nominat.
1113 683 1212 736 Extant
1230 683 1282 736 col-

118 773 238 826 lectanea
249 789 263 825 e
276 773 388 828 Tbodoti
401 772 535 827 cuiusdam
547 771 649 842 scriptis
661 771 730 841 apud
742 770 822 824 Olem.
835 786 901 841 quac
912 787 966 824 non
978 771 1083 840 sapiunt
1093 767 1257 823 rumelicum.

185 856 218 912 N.
231 877 250 911 r.
268 857 320 911 Οὐκ
333 851 389 909 οἶδα
400 855 472 909 εἰπεῖν
485 855 509 909 ἐν
521 861 558 927 τῷ
570 857 695 926 τοιούτῳ]
720 856 885 930 Censuimus
899 853 986 926 brtolep.
1004 856 1059 909 Sub
1071 855 1106 908 Μ,
1116 855 1215 908 Aurelii
1224 871 1282 924 per·

118 943 252 997 secutione
265 943 334 996 istud
346 943 468 1014 contigit,
480 949 510 997 ut
520 942 615 996 Baron.
628 941 724 996 ibidem
736 942 837 994 asserit.

185 1027 218 1080 N.
229 1047 259 1084 11.
279 1027 324 1080 Καὶ
336 1025 418 1098 ἀγνοεῖ
429 1025 443 1080 ὁ
456 1025 578 1095 ἐλεεινός]
601 1027 664 1080 Vide
675 1027 842 1097 interpretes,
852 1026 1031 1096 imprimisque
1041 1025 1156 1080 Maldon.

185 1112 219 1168 N.
232 1131 271 1168 ττι.
288 1105 362 1182 ltine,
375 1112 447 1183 puel,
460 1112 500 1166 eal
509 1113 537 1166 rb
548 1111 711 1184 sbuyylluou]
730 1112 775 1166 vis
787 1113 838 1166 iste
849 1112 1053 1166 ratiocinationis
1064 1109 1141 1164 huius
1153 1109 1234 1164 inissa
1245 1111 1282 1164 vi·

119 1198 201 1254 detur.
220 1195 367 1252 Theodotus
376 1203 406 1252 ut
414 1199 536 1270 probaret
544 1197 675 1252 Christum
683 1215 784 1252 merum
794 1213 824 1250 ec
833 1197 977 1267 simplicem
986 1195 1119 1250 bominem
1130 1213 1186 1250 esse
1196 1196 1282 1249 Lucae

118 1283 205 1338 verbis
224 1284 352 1349 utebatur,
370 1284 465 1353 quibus
480 1285 592 1354 angelus
603 1283 702 1337 Murius
719 1284 797 1350 dixit,
815 1289 1031 1354 superventurum
1044 1283 1072 1336 iu
1088 1299 1146 1336 eem
1163 1282 1283 1353 spiritum

119 1373 255 1434 sanctum,
273 1386 326 1422 non
338 1374 426 1422 autem
437 1369 464 1422 in
476 1369 647 1435 soluturum,
665 1370 718 1435 rel,
736 1376 765 1422 ut
776 1369 853 1439 paulo
865 1373 925 1439 pust
936 1369 1057 1438 loquitur,
1074 1369 1102 1420 in
1114 1385 1172 1422 eam
1183 1367 1282 1438 ingres·

119 1471 221 1508 surum.
238 1452 306 1507 Nam
317 1455 362 1507 illo
371 1454 462 1521 rerba,
474 1451 627 1507 ἐπελεύσεται
638 1451 677 1506 lrrl
688 1454 728 1524 σέ,
740 1455 911 1508 adventitium
922 1453 1020 1523 aliquid
1032 1459 1058 1507 et
1068 1453 1229 1508 extrinsecus
1240 1468 1283 1506 ac·

119 1538 214 1593 cedens
226 1539 340 1593 indicare
352 1539 479 1594 ridentur.

185 1624 218 1680 N.
232 1643 267 1680 rr.
285 1624 465 1695 Προφασίζεται
476 1623 549 1678 πάλιν
559 1623 572 1677 b
582 1624 721 1696 Θεόδοτος]
739 1624 883 1682 Hieremiae
895 1625 967 1679 locus
979 1625 1036 1691 ille,
1049 1641 1126 1696 quom
1135 1623 1282 1678 Theodotus

119 1709 259 1774 afferebat,
270 1699 303 1763 e'x
317 1727 370 1763 nxx
381 1711 513 1764 seniorum
526 1710 636 1764 editione
648 1710 815 1781 depromptus
827 1718 877 1764 est:
890 1707 1034 1781 Ἄνθρωπός
1043 1708 1107 1780 ἐστι,
1120 1711 1160 1762 sul
1171 1709 1206 1771 τίς
1219 1710 1282 1780 γνώ-

119 1813 186 1848 σεται
198 1795 287 1866 αὖτόες
305 1795 432 1849 Hebraico
443 1813 496 1850 uox
512 1803 600 1858 um
618 1796 742 1866 ambigue
753 1796 944 1866 significatione
956 1797 1121 1849 occasionem
1131 1797 1283 1866 iuterpreta-

119 1882 197 1936 uons
209 1879 723 1947 intuereris,utammadvertufltsron.
746 1867 1282 1973 uamcremensem,remissum,

119 1987 142 2035 ri
154 1993 238 2038 autem
249 1970 351 2073 lintis,
363 1984 540 2048 inscrutabile,
552 1988 605 2036 rive
615 1983 773 2054 desperabile
778 2005 786 2046 ,·
799 2001 826 2036 eo
838 1985 905 2054 qood
915 1985 997 2036 trullus
1009 2001 1053 2036 ror
1061 1984 1185 2038 bominum
1196 1985 1283 2036 ualeat

120 2089 242 2141 iuvenire.
266 2088 301 2140 At
315 2087 398 2140 sancti
409 2085 458 2141 PP.
472 2085 629 2140 contrarium
645 2086 713 2152 eius,
731 2085 800 2156 quod
812 2084 959 2140 Theodotus
976 2085 1123 2156 pugnabat,
1141 2101 1174 2138 ex
1192 2083 1283 2138 eodem

120 2172 176 2225 loeo
186 2171 319 2226 deducunt
328 2170 458 2226 Christum
466 2189 519 2226 non
528 2171 673 2242 simplicem
682 2169 813 2224 hominem
825 2189 896 2237 esse,
907 2171 953 2226 sed
965 2187 1017 2224 nna
1025 2171 1104 2224 etiem
1112 2171 1202 2236 eleum
1213 2168 1284 2240 quod

120 2255 294 2328 Hieronymus
306 2274 359 2313 uon
370 2258 471 2329 probat
488 2255 584 2321 Solent,
595 2256 691 2328 inquit,
703 2260 806 2326 puidam
816 2261 905 2322 nmtri,
918 2258 980 2311 bono
992 2259 1089 2328 quidem
1100 2266 1167 2321 roto,
1179 2259 1225 2310 red
1235 2275 1283 2310 roe

118 2345 256 2397 secuudum
272 2349 418 2409 solentium,
434 2347 474 2395 ali
484 2343 531 2396 boc
548 2345 601 2396 loco
620 2352 710 2396 contro
722 2343 845 2407 Iudaeos,
856 2345 924 2414 quod
940 2343 1011 2396 bomo
1026 2345 1189 2396 sitdominus
1206 2359 1283 2413 aequm

120 2437 194 2499 atque
204 2431 328 2493 sulcator,
339 2431 473 2482 secuudum
482 2431 694 2498 dispensationem
705 2433 794 2482 corruis
806 2437 963 2499 desumptae,
980 2431 1107 2498 nullusque
1118 2433 1202 2500 poerit
1217 2431 1283 2482 mu·

120 2518 210 2568 ritulis
222 2519 275 2569 elue
285 2521 352 2568 scire
363 2517 518 2584 mysterium,
531 2516 666 2568 secuudum
677 2515 744 2567 illud
753 2516 821 2584 qaod
830 2519 952 2584 scriptum
964 2524 1012 2567 eet:
1028 2515 1219 2568 Germotr‘orem
1230 2519 1284 2568 eius

121 2605 175 2672 puis
186 2601 337 2654 emanabit!
353 2604 404 2652 miei
414 2601 482 2653 solue
493 2601 565 2664 deus,
578 2604 621 2671 qui
633 2617 734 2653 meana
747 2603 863 2662 rimatur,
876 2609 900 2652 et
910 2601 996 2654 reddit
1006 2605 1138 2670 uuicuique
1148 2603 1282 2654 sesumam

120 2703 199 2756 opero
212 2704 269 2742 mro.
293 2686 385 2740 Melius
398 2692 479 2738 auum
491 2695 539 2749 eet,
551 2697 577 2740 rel
588 2685 739 2756 simpliciter
751 2689 923 2755 accipiamus,
935 2688 1002 2756 qnod
1012 2687 1094 2738 nullus
1104 2691 1283 2755 capitoliorum

120 2781 221 2825 recreta
233 2781 379 2840 coquerent,
393 2775 444 2824 niel
453 2771 521 2823 eolus
533 2773 600 2824 deae.
635 2770 704 2824 Haec
719 2771 771 2824 itte.
807 2769 846 2822 Ad
862 2771 973 2824 eundem
989 2787 1096 2824 sonsum
1111 2770 1190 2824 refert
1204 2771 1283 2825 etiam

120 2855 307 2911 Theodoretns.
340 2855 447 2912 Tertull.
458 2871 519 2910 vero
536 2861 627 2910 conus
640 2854 695 2909 lud.
711 2871 767 2927 cup.
776 2872 840 2920 xrs,
856 2854 1001 2926 Cyprianus
1017 2872 1039 2911 ο.
1052 2855 1107 2909 luel
1119 2871 1218 2927 capr,
1233 2855 1282 2910 Le·

121 2947 198 2996 usne
212 2943 444 3012 lib.1e.osp.xnr.,
459 2947 485 2994 et
501 2941 558 3007 alii,
574 2957 640 3012 quos
655 2942 734 2996 tacito
751 2941 857 2996 nomine
873 2949 948 2996 notet
961 2941 1065 2996 Hieron.
1082 2941 1115 2994 erl
1131 2940 1226 2996 Obristi
1245 2941 1282 2998 di·

119 3028 264 3084 nuceum
1071 3027 1079 3040 “

187 3113 221 3168 N.
231 3130 258 3167 r.
279 3111 388 3185 'Ellyym
401 3111 427 3165 il
439 3111 520 3182 πάλιν,
532 3112 659 3180 flectere]
681 3111 721 3166 Ex
733 3129 764 3167 so
776 3112 846 3183 quod
857 3113 890 3166 erl
901 3113 981 3183 patris
994 3113 1127 3167 dexteram
1140 3113 1282 3168 collocatus

122 3201 156 3253 eit
166 3199 252 3265 lilius,
269 3201 325 3270 pari
337 3207 363 3252 et
374 3198 464 3253 eadem
476 3215 537 3252 cum
548 3199 593 3252 illo
606 3199 732 3269 elignitste
749 3215 780 3252 ec
791 3203 920 3270 potestate
931 3215 988 3252 esse
999 3197 1123 3252 fficendue
1135 3205 1182 3255 eet
1221 3201 1283 3254 un·

121 3285 190 3341 bros.
204 3285 288 3342 Serm.
299 3303 338 3340 ur.
351 3284 383 3338 tle
394 3283 559 3338 Pentecoste.-
571 3284 613 3336 Ne
624 3288 763 3348 miremini,
775 3285 872 3354 inquit,
884 3287 950 3355 quod
960 3286 998 3337 ml
1008 3287 1137 3338 dexteram
1144 3291 1233 3357 putris
1243 3303 1283 3339 re-

121 3373 205 3424 sidere
215 3373 368 3441 disifils'um:
386 3373 423 3423 ad
431 3373 561 3424 dexteram
568 3372 674 3433 residet,
692 3389 740 3423 reon
751 3374 812 3440 quio
824 3375 906 3423 molor
915 3379 1006 3440 putre,
1021 3372 1067 3424 sed
1078 3389 1108 3423 ne
1119 3376 1283 3443 minorpulre

122 3475 174 3510 esee
186 3458 316 3520 credolio,
328 3456 531 3510 montleiscent
542 3455 719 3526 blasphemare
731 3466 915 3511 coemerunt.
950 3455 1022 3510 Idem
1034 3455 1135 3527 colligit
1145 3456 1178 3509 atl
1189 3456 1282 3510 Psalm.

122 3561 196 3597 τοττι.
216 3543 311 3596 exilio
328 3541 493 3597 Peumnoc.
511 3542 581 3596 loco:
605 3541 669 3594 Sede
687 3562 705 3593 ο
722 3543 817 3595 dextras
833 3545 902 3597 mele.
937 3541 1036 3605 Quibus
1059 3548 1085 3595 et
1105 3542 1232 3596 similibus
1249 3558 1283 3596 ex

121 3628 185 3682 locis
197 3633 306 3700 appetet
316 3627 411 3681 taleam
422 3643 512 3680 eorum
524 3642 581 3680 esse
593 3628 760 3693 sententiam,
777 3627 823 3697 qui
838 3627 970 3680 sinistram
984 3627 1053 3697 apud
1064 3633 1163 3681 veteres
1174 3627 1283 3682 bonora-

122 3714 215 3768 tiorern
233 3713 325 3768 dextra
340 3713 422 3767 luisse
439 3711 606 3767 contendunt
641 3711 720 3767 Cuius
741 3713 869 3784 opinionis
890 3719 973 3767 autor.
989 3711 1105 3768 Nebrise.
1122 3729 1179 3785 cap.
1191 3729 1282 3769 ωτι.

123 3797 335 3872 Quinqmgeuss.

248 3953 292 4006 lu
309 3951 484 4006 munstur
499 3952 560 4017 LV,
578 3951 667 4016 QUAE
684 3951 748 4006 EST
763 3951 1163 4036 MELOHISEDECIANORUM.
1310 3968 1383 4022 mort.

190 4055 221 4110 N.
235 4073 251 4108 r.
269 4052 478 4116 Ἀετοοποσθέντες
489 4053 576 4125 solym]
593 4055 809 4108 ATheodotiauis
821 4061 890 4108 ortos
902 4071 959 4108 esse
967 4055 1214 4110 Melchirsdscianos
1225 4071 1283 4110 ceu·

126 4147 164 4194 set
177 4139 346 4212 Epiphanius.
380 4139 486 4193 Tertull.
499 4157 559 4193 vero
571 4140 615 4194 lib.
630 4139 660 4192 de
671 4139 825 4210 Praescript
838 4142 892 4211 cap,
902 4158 957 4194 usn.
970 4142 1049 4194 etium
1066 4139 1227 4195 Theodotum
1243 4157 1283 4194 es-

126 4233 180 4280 etae
198 4225 275 4282 buius
290 4233 409 4280 autorem
426 4227 572 4291 consttuit,
589 4241 642 4279 non
659 4225 770 4295 priorem
786 4226 861 4279 illurn
877 4231 903 4279 et
919 4225 1086 4296 Byzantium,
1103 4225 1148 4279 sed
1166 4228 1284 4294 alterum,

127 4327 205 4382 quem
216 4309 398 4383 ἀργυρομοιβον
410 4309 586 4366 Theodoretus
598 4311 679 4364 luisse
690 4317 785 4364 narret
811 4305 940 4365 Eusebius
952 4311 995 4364 lib.
1005 4329 1030 4366 v.
1042 4327 1097 4382 usp.
1106 4329 1189 4366 xxrrr.
1201 4311 1283 4367 Theo·

127 4396 180 4452 doti
194 4397 296 4453 conani
311 4397 466 4467 discipulum
483 4397 611 4468 quendam
628 4403 816 4451 commemorat
830 4395 992 4450 Theodotum
1006 4397 1181 4468 imperitam,
1198 4414 1215 4451 a
1232 4415 1283 4468 quo

128 4481 247 4554 deceptus
258 4483 359 4538 Natalis
371 4482 504 4538 consessor
521 4483 620 4555 insigni
636 4482 761 4537 musculo
776 4483 896 4554 resipuit,
913 4481 986 4536 cuius
1004 4488 1029 4536 et
1040 4480 1217 4538 'lbeotlorstus
1230 4500 1283 4538 rue·

127 4567 210 4622 misit
243 4569 290 4624 llic
306 4569 387 4639 igitur
398 4567 545 4624 Theodotus
561 4569 593 4624 ad
605 4569 727 4640 magistri
736 4569 778 4624 eui
787 4568 947 4640 impietatem
959 4567 1009 4624 boc
1020 4569 1125 4636 adiecit,
1140 4575 1171 4623 ut
1182 4567 1283 4624 onusto
