<?xml version="1.0" encoding="UTF-8"?>
<!DOCTYPE html PUBLIC "-//W3C//DTD XHTML 1.0 Transitional//EN"
    "http://www.w3.org/TR/xhtml1/DTD/xhtml1-transitional.dtd">
<html xmlns="http://www.w3.org/1999/xhtml" xml:lang="en" lang="en">
 <head>
  <title>
</title>
<meta http-equiv="Content-Type" content="text/html;charset=utf-8" />
  <meta name='ocr-system' content='tesseract 3.04.00' />
  <meta name='ocr-capabilities' content='ocr_page ocr_carea ocr_par ocr_line ocrx_word'/>
</head>
<body>
  <div class='ocr_page' id='page_1' title='image "./corporishaerese03unkngoog_0242.png"; bbox 0 0 3200 5158; ppageno 0'>
   <div class='ocr_carea' id='block_1_1' title="bbox 1198 289 1285 346">
    <p class='ocr_par' dir='ltr' id='par_1_1' title="bbox 1198 289 1285 346">
     <span class='ocr_line' id='line_1_1' title="bbox 1198 289 1285 346; baseline 0.023 -2"><span class='ocrx_word' id='word_1_1' title='bbox 1198 289 1285 346; x_wconf 84' lang='lat' dir='ltr'>CXIX</span> 
     </span>
    </p>
   </div>
   <div class='ocr_carea' id='block_1_2' title="bbox 118 435 1284 514">
    <p class='ocr_par' dir='ltr' id='par_1_2' title="bbox 118 435 1284 514">
     <span class='ocr_line' id='line_1_2' title="bbox 118 435 1284 514; baseline 0.007 -24"><span class='ocrx_word' id='word_1_2' title='bbox 118 435 302 506; x_wconf 77' lang='lat' dir='ltr'><strong>Epiphaniam</strong></span> <span class='ocrx_word' id='word_1_3' title='bbox 318 455 404 492; x_wconf 91' lang='lat' dir='ltr'><strong>meroe</strong></span> <span class='ocrx_word' id='word_1_4' title='bbox 419 455 521 494; x_wconf 87' lang='lat' dir='ltr'><strong>menses</strong></span> <span class='ocrx_word' id='word_1_5' title='bbox 533 439 647 494; x_wconf 80' lang='lat' dir='ltr'><strong>lubanoe</strong></span> <span class='ocrx_word' id='word_1_6' title='bbox 663 438 814 510; x_wconf 71' lang='lat' dir='ltr'><strong>tnbfflg&#39;m.</strong></span> <span class='ocrx_word' id='word_1_7' title='bbox 848 439 916 496; x_wconf 86' lang='lat' dir='ltr'><strong>Nam</strong></span> <span class='ocrx_word' id='word_1_8' title='bbox 927 439 1063 511; x_wconf 80' lang='lat' dir='ltr'><strong>dudyuaei</strong></span> <span class='ocrx_word' id='word_1_9' title='bbox 1079 441 1121 510; x_wconf 74' lang='grc' dir='ltr'><strong>τὴν</strong></span> <span class='ocrx_word' id='word_1_10' title='bbox 1133 442 1204 509; x_wconf 73' lang='grc' dir='ltr'>ἕκτην</span> <span class='ocrx_word' id='word_1_11' title='bbox 1216 445 1284 514; x_wconf 74' lang='lat' dir='ltr'><strong>(per-</strong></span> 
     </span>
    </p>
   </div>
   <div class='ocr_carea' id='block_1_3' title="bbox 67 522 1376 4611">
    <p class='ocr_par' dir='ltr' id='par_1_3' title="bbox 103 522 1285 1450">
     <span class='ocr_line' id='line_1_3' title="bbox 117 522 1285 596; baseline 0.009 -23"><span class='ocrx_word' id='word_1_12' title='bbox 117 535 214 592; x_wconf 80' lang='lat' dir='ltr'><strong>peram</strong></span> <span class='ocrx_word' id='word_1_13' title='bbox 227 522 437 596; x_wconf 70' lang='lat' dir='ltr'><strong>inconscriptum</strong></span> <span class='ocrx_word' id='word_1_14' title='bbox 447 525 495 593; x_wconf 86' lang='lat' dir='ltr'><strong>eat)</strong></span> <span class='ocrx_word' id='word_1_15' title='bbox 507 541 567 578; x_wconf 89' lang='lat' dir='ltr'><strong>cum</strong></span> <span class='ocrx_word' id='word_1_16' title='bbox 579 543 613 578; x_wconf 87' lang='lat' dir='ltr'><strong>vr.</strong></span> <span class='ocrx_word' id='word_1_17' title='bbox 625 525 679 578; x_wconf 88' lang='lat' dir='ltr'><strong>lan.</strong></span> <span class='ocrx_word' id='word_1_18' title='bbox 692 531 832 596; x_wconf 85' lang='lat' dir='ltr'><strong>comparat</strong></span> <span class='ocrx_word' id='word_1_19' title='bbox 857 526 957 580; x_wconf 81' lang='lat' dir='ltr'><strong>llnrsue</strong></span> <span class='ocrx_word' id='word_1_20' title='bbox 969 527 1039 584; x_wconf 87' lang='lat' dir='ltr'><strong>enim</strong></span> <span class='ocrx_word' id='word_1_21' title='bbox 1051 528 1145 582; x_wconf 72' lang='lat' dir='ltr'><strong>uitium</strong></span> <span class='ocrx_word' id='word_1_22' title='bbox 1155 529 1231 582; x_wconf 76' lang='lat' dir='ltr'><strong>lectm</strong></span> <span class='ocrx_word' id='word_1_23' title='bbox 1244 536 1285 584; x_wconf 89' lang='lat' dir='ltr'><strong>est</strong></span> 
     </span>
     <span class='ocr_line' id='line_1_4' title="bbox 117 605 1283 684; baseline 0.009 -26"><span class='ocrx_word' id='word_1_24' title='bbox 117 605 224 676; x_wconf 65' lang='lat' dir='ltr'><strong>stipamur</strong></span> <span class='ocrx_word' id='word_1_25' title='bbox 238 606 401 680; x_wconf 81' lang='lat' dir='ltr'><strong>’lasauapios,</strong></span> <span class='ocrx_word' id='word_1_26' title='bbox 411 627 459 681; x_wconf 83' lang='lat' dir='ltr'><strong>pro</strong></span> <span class='ocrx_word' id='word_1_27' title='bbox 470 609 536 675; x_wconf 73' lang='grc' dir='ltr'>ἕκτη.</span> <span class='ocrx_word' id='word_1_28' title='bbox 559 611 675 664; x_wconf 78' lang='lat' dir='ltr'><strong>Tametsi</strong></span> <span class='ocrx_word' id='word_1_29' title='bbox 684 609 822 664; x_wconf 64' lang='lat' dir='ltr'><strong>(ismarius</strong></span> <span class='ocrx_word' id='word_1_30' title='bbox 834 617 946 682; x_wconf 79' lang='lat' dir='ltr'><strong>quintam</strong></span> <span class='ocrx_word' id='word_1_31' title='bbox 955 613 1079 666; x_wconf 74' lang='lat' dir='ltr'><strong>Ianuarii</strong></span> <span class='ocrx_word' id='word_1_32' title='bbox 1086 614 1203 678; x_wconf 77' lang='lat' dir='ltr'><strong>verterit,</strong></span> <span class='ocrx_word' id='word_1_33' title='bbox 1215 615 1283 684; x_wconf 80' lang='lat' dir='ltr'><strong>qdod</strong></span> 
     </span>
     <span class='ocr_line' id='line_1_5' title="bbox 115 691 1282 768; baseline 0.006 -22"><span class='ocrx_word' id='word_1_34' title='bbox 115 693 259 746; x_wconf 87' lang='lat' dir='ltr'><strong>nonnullis</strong></span> <span class='ocrx_word' id='word_1_35' title='bbox 270 694 406 764; x_wconf 84' lang='lat' dir='ltr'><strong>imposuit,</strong></span> <span class='ocrx_word' id='word_1_36' title='bbox 418 695 462 766; x_wconf 88' lang='lat' dir='ltr'><strong>qui</strong></span> <span class='ocrx_word' id='word_1_37' title='bbox 474 693 537 750; x_wconf 82' lang='lat' dir='ltr'><strong>laec</strong></span> <span class='ocrx_word' id='word_1_38' title='bbox 548 694 640 766; x_wconf 76' lang='lat' dir='ltr'><strong>lipipb.</strong></span> <span class='ocrx_word' id='word_1_39' title='bbox 648 696 727 751; x_wconf 86' lang='lat' dir='ltr'><strong>rerba</strong></span> <span class='ocrx_word' id='word_1_40' title='bbox 739 695 787 766; x_wconf 74' lang='grc' dir='ltr'><strong>τρο</strong></span> <span class='ocrx_word' id='word_1_41' title='bbox 800 691 867 750; x_wconf 80' lang='grc' dir='ltr'>ὀκτὼ</span> <span class='ocrx_word' id='word_1_42' title='bbox 876 694 956 748; x_wconf 66' lang='lat' dir='ltr'><strong>Eleas</strong></span> <span class='ocrx_word' id='word_1_43' title='bbox 968 697 1005 750; x_wconf 85' lang='lat' dir='ltr'><strong>sic</strong></span> <span class='ocrx_word' id='word_1_44' title='bbox 1017 699 1148 768; x_wconf 87' lang='lat' dir='ltr'><strong>accepisse</strong></span> <span class='ocrx_word' id='word_1_45' title='bbox 1156 699 1282 764; x_wconf 81' lang='lat' dir='ltr'><strong>sidentur,</strong></span> 
     </span>
     <span class='ocr_line' id='line_1_6' title="bbox 103 779 1284 856; baseline 0.007 -24"><span class='ocrx_word' id='word_1_46' title='bbox 103 779 198 856; x_wconf 67' lang='lat' dir='ltr'><strong>⁸(prasi</strong></span> <span class='ocrx_word' id='word_1_47' title='bbox 210 785 284 833; x_wconf 82' lang='lat' dir='ltr'><strong>esset</strong></span> <span class='ocrx_word' id='word_1_48' title='bbox 293 780 359 851; x_wconf 84' lang='lat' dir='ltr'><strong>prid.</strong></span> <span class='ocrx_word' id='word_1_49' title='bbox 369 797 424 836; x_wconf 87' lang='lat' dir='ltr'><strong>sm.</strong></span> <span class='ocrx_word' id='word_1_50' title='bbox 433 780 527 848; x_wconf 83' lang='lat' dir='ltr'><strong>Eidue,</strong></span> <span class='ocrx_word' id='word_1_51' title='bbox 538 779 587 834; x_wconf 88' lang='lat' dir='ltr'><strong>boo</strong></span> <span class='ocrx_word' id='word_1_52' title='bbox 598 786 638 834; x_wconf 91' lang='lat' dir='ltr'><strong>eat</strong></span> <span class='ocrx_word' id='word_1_53' title='bbox 649 779 731 834; x_wconf 86' lang='lat' dir='ltr'><strong>Nonis</strong></span> <span class='ocrx_word' id='word_1_54' title='bbox 743 781 806 852; x_wconf 87' lang='lat' dir='ltr'><strong>ipsis</strong></span> <span class='ocrx_word' id='word_1_55' title='bbox 818 781 939 836; x_wconf 76' lang='lat' dir='ltr'>Ianuarii.</span> <span class='ocrx_word' id='word_1_56' title='bbox 961 781 1013 836; x_wconf 88' lang='lat' dir='ltr'><strong>Sed</strong></span> <span class='ocrx_word' id='word_1_57' title='bbox 1025 782 1073 853; x_wconf 72' lang='grc' dir='ltr'><strong>πρὸ</strong></span> <span class='ocrx_word' id='word_1_58' title='bbox 1086 779 1153 836; x_wconf 81' lang='grc' dir='ltr'>ὀκτὼ</span> <span class='ocrx_word' id='word_1_59' title='bbox 1164 782 1245 836; x_wconf 64' lang='lat' dir='ltr'><strong>Elidos</strong></span> <span class='ocrx_word' id='word_1_60' title='bbox 1257 791 1284 840; x_wconf 88' lang='lat' dir='ltr'><strong>et</strong></span> 
     </span>
     <span class='ocr_line' id='line_1_7' title="bbox 115 863 1282 940; baseline 0.007 -24"><span class='ocrx_word' id='word_1_61' title='bbox 115 863 224 916; x_wconf 82' lang='lat' dir='ltr'><strong>similes</strong></span> <span class='ocrx_word' id='word_1_62' title='bbox 236 865 360 936; x_wconf 88' lang='lat' dir='ltr'><strong>loquendi</strong></span> <span class='ocrx_word' id='word_1_63' title='bbox 370 865 496 919; x_wconf 80' lang='lat' dir='ltr'><strong>termulae</strong></span> <span class='ocrx_word' id='word_1_64' title='bbox 507 865 605 920; x_wconf 86' lang='lat' dir='ltr'><strong>Latinis</strong></span> <span class='ocrx_word' id='word_1_65' title='bbox 616 866 680 920; x_wconf 87' lang='lat' dir='ltr'><strong>iisce</strong></span> <span class='ocrx_word' id='word_1_66' title='bbox 690 867 847 937; x_wconf 85' lang='lat' dir='ltr'><strong>respondent</strong></span> <span class='ocrx_word' id='word_1_67' title='bbox 857 883 881 919; x_wconf 88' lang='lat' dir='ltr'><strong>a.</strong></span> <span class='ocrx_word' id='word_1_68' title='bbox 890 867 914 920; x_wconf 88' lang='lat' dir='ltr'><strong>d.</strong></span> <span class='ocrx_word' id='word_1_69' title='bbox 924 885 979 922; x_wconf 83' lang='grc' dir='ltr'>τιτι.</span> <span class='ocrx_word' id='word_1_70' title='bbox 991 867 1028 922; x_wconf 89' lang='lat' dir='ltr'><strong>Id.</strong></span> <span class='ocrx_word' id='word_1_71' title='bbox 1040 875 1101 934; x_wconf 79' lang='lat' dir='ltr'><strong>ste,</strong></span> <span class='ocrx_word' id='word_1_72' title='bbox 1115 868 1164 924; x_wconf 90' lang='lat' dir='ltr'><strong>hoc</strong></span> <span class='ocrx_word' id='word_1_73' title='bbox 1175 875 1215 922; x_wconf 89' lang='lat' dir='ltr'><strong>eet</strong></span> <span class='ocrx_word' id='word_1_74' title='bbox 1225 870 1282 940; x_wconf 89' lang='lat' dir='ltr'><strong>ipso</strong></span> 
     </span>
     <span class='ocr_line' id='line_1_8' title="bbox 115 947 1282 1022; baseline 0.005 -20"><span class='ocrx_word' id='word_1_75' title='bbox 115 947 159 1002; x_wconf 90' lang='lat' dir='ltr'><strong>die</strong></span> <span class='ocrx_word' id='word_1_76' title='bbox 171 965 235 1004; x_wconf 79' lang='lat' dir='ltr'><strong>vrrs.</strong></span> <span class='ocrx_word' id='word_1_77' title='bbox 246 949 297 1015; x_wconf 83' lang='lat' dir='ltr'><strong>ld,</strong></span> <span class='ocrx_word' id='word_1_78' title='bbox 314 956 344 1004; x_wconf 92' lang='lat' dir='ltr'><strong>ut</strong></span> <span class='ocrx_word' id='word_1_79' title='bbox 358 954 386 1004; x_wconf 84' lang='lat' dir='ltr'><strong>et</strong></span> <span class='ocrx_word' id='word_1_80' title='bbox 398 951 460 1004; x_wconf 88' lang='lat' dir='ltr'><strong>alibi</strong></span> <span class='ocrx_word' id='word_1_81' title='bbox 476 951 635 1022; x_wconf 84' lang='lat' dir='ltr'><strong>scripsimus.</strong></span> <span class='ocrx_word' id='word_1_82' title='bbox 670 950 755 1016; x_wconf 82' lang='lat' dir='ltr'><strong>Quare</strong></span> <span class='ocrx_word' id='word_1_83' title='bbox 766 968 800 1006; x_wconf 85' lang='lat' dir='ltr'><strong>ex</strong></span> <span class='ocrx_word' id='word_1_84' title='bbox 811 953 891 1022; x_wconf 88' lang='lat' dir='ltr'><strong>priori</strong></span> <span class='ocrx_word' id='word_1_85' title='bbox 899 959 961 1006; x_wconf 86' lang='lat' dir='ltr'><strong>nota</strong></span> <span class='ocrx_word' id='word_1_86' title='bbox 977 953 1040 1019; x_wconf 90' lang='lat' dir='ltr'><strong>diei,</strong></span> <span class='ocrx_word' id='word_1_87' title='bbox 1055 953 1105 1008; x_wconf 91' lang='lat' dir='ltr'><strong>boo</strong></span> <span class='ocrx_word' id='word_1_88' title='bbox 1121 959 1162 1008; x_wconf 88' lang='lat' dir='ltr'><strong>eet</strong></span> <span class='ocrx_word' id='word_1_89' title='bbox 1177 973 1234 1010; x_wconf 83' lang='lat' dir='ltr'><strong>sur.</strong></span> <span class='ocrx_word' id='word_1_90' title='bbox 1245 956 1282 1010; x_wconf 94' lang='lat' dir='ltr'><strong>ld.</strong></span> 
     </span>
     <span class='ocr_line' id='line_1_9' title="bbox 114 1033 1282 1108; baseline 0.004 -18"><span class='ocrx_word' id='word_1_91' title='bbox 114 1033 186 1098; x_wconf 75' lang='lat' dir='ltr'><strong>lam,</strong></span> <span class='ocrx_word' id='word_1_92' title='bbox 199 1035 358 1106; x_wconf 81' lang='lat' dir='ltr'><strong>corrigenda</strong></span> <span class='ocrx_word' id='word_1_93' title='bbox 368 1053 420 1090; x_wconf 80' lang='lat' dir='ltr'><strong>vox</strong></span> <span class='ocrx_word' id='word_1_94' title='bbox 432 1035 529 1107; x_wconf 72' lang='lat' dir='ltr'><strong>sipara</strong></span> <span class='ocrx_word' id='word_1_95' title='bbox 541 1041 568 1090; x_wconf 87' lang='lat' dir='ltr'><strong>et</strong></span> <span class='ocrx_word' id='word_1_96' title='bbox 578 1037 605 1090; x_wconf 92' lang='lat' dir='ltr'><strong>iu</strong></span> <span class='ocrx_word' id='word_1_97' title='bbox 617 1035 673 1102; x_wconf 70' lang='grc' dir='ltr'><strong>ἕκτη</strong></span> <span class='ocrx_word' id='word_1_98' title='bbox 685 1038 817 1092; x_wconf 84' lang='lat' dir='ltr'><strong>mutanda</strong></span> <span class='ocrx_word' id='word_1_99' title='bbox 836 1036 909 1101; x_wconf 89' lang='lat' dir='ltr'><strong>Quod</strong></span> <span class='ocrx_word' id='word_1_100' title='bbox 921 1043 948 1092; x_wconf 90' lang='lat' dir='ltr'><strong>et</strong></span> <span class='ocrx_word' id='word_1_101' title='bbox 956 1039 1023 1108; x_wconf 78' lang='lat' dir='ltr'><strong>Tybi</strong></span> <span class='ocrx_word' id='word_1_102' title='bbox 1033 1039 1143 1104; x_wconf 67' lang='lat' dir='ltr'><strong>Audaci,</strong></span> <span class='ocrx_word' id='word_1_103' title='bbox 1155 1041 1210 1094; x_wconf 82' lang='lat' dir='ltr'><strong>sire</strong></span> <span class='ocrx_word' id='word_1_104' title='bbox 1221 1041 1282 1095; x_wconf 92' lang='lat' dir='ltr'><strong>Dio·</strong></span> 
     </span>
     <span class='ocr_line' id='line_1_10' title="bbox 114 1119 1281 1192; baseline 0.005 -20"><span class='ocrx_word' id='word_1_105' title='bbox 114 1119 260 1186; x_wconf 75' lang='lat' dir='ltr'><strong>datianei,</strong></span> <span class='ocrx_word' id='word_1_106' title='bbox 275 1119 330 1174; x_wconf 88' lang='lat' dir='ltr'><strong>diee</strong></span> <span class='ocrx_word' id='word_1_107' title='bbox 346 1122 404 1192; x_wconf 89' lang='lat' dir='ltr'><strong>ipse</strong></span> <span class='ocrx_word' id='word_1_108' title='bbox 414 1121 585 1187; x_wconf 86' lang='lat' dir='ltr'><strong>demonstrat,</strong></span> <span class='ocrx_word' id='word_1_109' title='bbox 600 1122 673 1176; x_wconf 84' lang='lat' dir='ltr'><strong>cuius</strong></span> <span class='ocrx_word' id='word_1_110' title='bbox 685 1140 721 1179; x_wconf 78' lang='grc' dir='ltr'><strong>ιτ.</strong></span> <span class='ocrx_word' id='word_1_111' title='bbox 734 1123 762 1178; x_wconf 89' lang='lat' dir='ltr'><strong>in</strong></span> <span class='ocrx_word' id='word_1_112' title='bbox 773 1141 808 1178; x_wconf 80' lang='lat' dir='ltr'><strong>vn</strong></span> <span class='ocrx_word' id='word_1_113' title='bbox 819 1123 874 1178; x_wconf 89' lang='lat' dir='ltr'><strong>Ian.</strong></span> <span class='ocrx_word' id='word_1_114' title='bbox 886 1124 1015 1180; x_wconf 79' lang='lat' dir='ltr'><strong>convenit.</strong></span> <span class='ocrx_word' id='word_1_115' title='bbox 1039 1125 1188 1178; x_wconf 75' lang='lat' dir='ltr'><strong>deridetur</strong></span> <span class='ocrx_word' id='word_1_116' title='bbox 1202 1125 1230 1178; x_wconf 88' lang='lat' dir='ltr'><strong>in</strong></span> <span class='ocrx_word' id='word_1_117' title='bbox 1242 1143 1281 1192; x_wconf 90' lang='lat' dir='ltr'><strong>eo,</strong></span> 
     </span>
     <span class='ocr_line' id='line_1_11' title="bbox 115 1204 1282 1280; baseline 0.005 -22"><span class='ocrx_word' id='word_1_118' title='bbox 115 1204 189 1275; x_wconf 86' lang='lat' dir='ltr'><strong>qnod</strong></span> <span class='ocrx_word' id='word_1_119' title='bbox 203 1205 325 1276; x_wconf 85' lang='lat' dir='ltr'><strong>quintam</strong></span> <span class='ocrx_word' id='word_1_120' title='bbox 335 1205 448 1262; x_wconf 85' lang='lat' dir='ltr'><strong>Ianuarii</strong></span> <span class='ocrx_word' id='word_1_121' title='bbox 460 1207 528 1270; x_wconf 86' lang='lat' dir='ltr'><strong>diem</strong></span> <span class='ocrx_word' id='word_1_122' title='bbox 538 1225 585 1280; x_wconf 90' lang='lat' dir='ltr'><strong>pro</strong></span> <span class='ocrx_word' id='word_1_123' title='bbox 596 1213 673 1262; x_wconf 84' lang='lat' dir='ltr'><strong>sexta</strong></span> <span class='ocrx_word' id='word_1_124' title='bbox 683 1209 807 1280; x_wconf 86' lang='lat' dir='ltr'><strong>sumpsit,</strong></span> <span class='ocrx_word' id='word_1_125' title='bbox 819 1209 937 1280; x_wconf 72' lang='lat' dir='ltr'><strong>mysterii</strong></span> <span class='ocrx_word' id='word_1_126' title='bbox 948 1209 1046 1280; x_wconf 82' lang='lat' dir='ltr'><strong>aliquid</strong></span> <span class='ocrx_word' id='word_1_127' title='bbox 1058 1227 1124 1263; x_wconf 86' lang='lat' dir='ltr'><strong>esse.</strong></span> <span class='ocrx_word' id='word_1_128' title='bbox 1147 1209 1282 1280; x_wconf 81' lang='lat' dir='ltr'>Siquidem</span> 
     </span>
     <span class='ocr_line' id='line_1_12' title="bbox 115 1291 1281 1366; baseline 0.005 -22"><span class='ocrx_word' id='word_1_129' title='bbox 115 1294 142 1344; x_wconf 86' lang='lat' dir='ltr'><strong>et</strong></span> <span class='ocrx_word' id='word_1_130' title='bbox 150 1291 439 1363; x_wconf 85' lang='lat' dir='ltr'><strong>Constantinopolitani</strong></span> <span class='ocrx_word' id='word_1_131' title='bbox 449 1298 541 1364; x_wconf 87' lang='lat' dir='ltr'><strong>postea</strong></span> <span class='ocrx_word' id='word_1_132' title='bbox 552 1311 576 1346; x_wconf 86' lang='lat' dir='ltr'><strong>v.</strong></span> <span class='ocrx_word' id='word_1_133' title='bbox 581 1293 696 1346; x_wconf 85' lang='lat' dir='ltr'><strong>Ianuarii</strong></span> <span class='ocrx_word' id='word_1_134' title='bbox 704 1292 745 1348; x_wconf 89' lang='lat' dir='ltr'><strong>die</strong></span> <span class='ocrx_word' id='word_1_135' title='bbox 753 1294 912 1364; x_wconf 81' lang='lat' dir='ltr'><strong>baptismum</strong></span> <span class='ocrx_word' id='word_1_136' title='bbox 922 1292 1016 1348; x_wconf 76' lang='lat' dir='ltr'><strong>oman</strong></span> <span class='ocrx_word' id='word_1_137' title='bbox 1026 1295 1199 1360; x_wconf 77' lang='lat' dir='ltr'>celebrabant,</span> <span class='ocrx_word' id='word_1_138' title='bbox 1211 1297 1281 1366; x_wconf 89' lang='lat' dir='ltr'><strong>quod</strong></span> 
     </span>
     <span class='ocr_line' id='line_1_13' title="bbox 114 1375 1280 1450; baseline 0.006 -22"><span class='ocrx_word' id='word_1_139' title='bbox 114 1375 186 1429; x_wconf 84' lang='lat' dir='ltr'><strong>iuss.</strong></span> <span class='ocrx_word' id='word_1_140' title='bbox 196 1377 280 1447; x_wconf 78' lang='lat' dir='ltr'><strong>uulgo</strong></span> <span class='ocrx_word' id='word_1_141' title='bbox 290 1377 426 1442; x_wconf 72' lang='lat' dir='ltr'><strong>confertur,</strong></span> <span class='ocrx_word' id='word_1_142' title='bbox 438 1383 467 1430; x_wconf 90' lang='lat' dir='ltr'><strong>nt</strong></span> <span class='ocrx_word' id='word_1_143' title='bbox 479 1394 513 1432; x_wconf 84' lang='lat' dir='ltr'><strong>ex</strong></span> <span class='ocrx_word' id='word_1_144' title='bbox 521 1379 650 1432; x_wconf 69' lang='lat' dir='ltr'><strong>fflnuelie</strong></span> <span class='ocrx_word' id='word_1_145' title='bbox 659 1377 766 1432; x_wconf 84' lang='lat' dir='ltr'><strong>Novella</strong></span> <span class='ocrx_word' id='word_1_146' title='bbox 775 1398 793 1434; x_wconf 91' lang='lat' dir='ltr'><strong>r.</strong></span> <span class='ocrx_word' id='word_1_147' title='bbox 805 1379 836 1432; x_wconf 94' lang='lat' dir='ltr'><strong>de</strong></span> <span class='ocrx_word' id='word_1_148' title='bbox 844 1379 925 1432; x_wconf 78' lang='lat' dir='ltr'><strong>Feriis</strong></span> <span class='ocrx_word' id='word_1_149' title='bbox 937 1386 963 1432; x_wconf 90' lang='lat' dir='ltr'><strong>et</strong></span> <span class='ocrx_word' id='word_1_150' title='bbox 975 1378 1130 1450; x_wconf 81' lang='lat' dir='ltr'><strong>Ouropalate</strong></span> <span class='ocrx_word' id='word_1_151' title='bbox 1142 1381 1280 1450; x_wconf 82' lang='lat' dir='ltr'><strong>colligitur.</strong></span> 
     </span>
    </p>

    <p class='ocr_par' dir='ltr' id='par_1_4' title="bbox 114 1461 1333 2132">
     <span class='ocr_line' id='line_1_14' title="bbox 185 1461 1280 1536; baseline 0.005 -23"><span class='ocrx_word' id='word_1_152' title='bbox 185 1461 260 1514; x_wconf 75' lang='grc' dir='ltr'>Κατὰ</span> <span class='ocrx_word' id='word_1_153' title='bbox 268 1461 400 1532; x_wconf 79' lang='grc' dir='ltr'><strong>Κυπρίους,</strong></span> <span class='ocrx_word' id='word_1_154' title='bbox 413 1462 488 1514; x_wconf 78' lang='lat' dir='ltr'><strong>circos</strong></span> <span class='ocrx_word' id='word_1_155' title='bbox 498 1462 678 1534; x_wconf 60' lang='lat' dir='ltr'><strong>intepuisse]</strong></span> <span class='ocrx_word' id='word_1_156' title='bbox 695 1462 817 1528; x_wconf 76' lang='lat' dir='ltr'><strong>lienosi,</strong></span> <span class='ocrx_word' id='word_1_157' title='bbox 829 1469 859 1518; x_wconf 91' lang='lat' dir='ltr'><strong>ut</strong></span> <span class='ocrx_word' id='word_1_158' title='bbox 870 1464 976 1534; x_wconf 88' lang='lat' dir='ltr'><strong>quidam</strong></span> <span class='ocrx_word' id='word_1_159' title='bbox 988 1466 1132 1532; x_wconf 84' lang='lat' dir='ltr'><strong>existimet,</strong></span> <span class='ocrx_word' id='word_1_160' title='bbox 1144 1471 1280 1536; x_wconf 85' lang='lat' dir='ltr'><strong>corruptus</strong></span> 
     </span>
     <span class='ocr_line' id='line_1_15' title="bbox 114 1545 1280 1620; baseline 0.003 -21"><span class='ocrx_word' id='word_1_161' title='bbox 114 1545 158 1600; x_wconf 87' lang='lat' dir='ltr'><strong>lsio</strong></span> <span class='ocrx_word' id='word_1_162' title='bbox 169 1546 269 1617; x_wconf 78' lang='lat' dir='ltr'><strong>Epipb.</strong></span> <span class='ocrx_word' id='word_1_163' title='bbox 281 1548 367 1612; x_wconf 87' lang='lat' dir='ltr'><strong>locus,</strong></span> <span class='ocrx_word' id='word_1_164' title='bbox 381 1549 409 1600; x_wconf 93' lang='lat' dir='ltr'><strong>in</strong></span> <span class='ocrx_word' id='word_1_165' title='bbox 423 1549 522 1602; x_wconf 87' lang='lat' dir='ltr'><strong>mensis</strong></span> <span class='ocrx_word' id='word_1_166' title='bbox 538 1549 717 1620; x_wconf 68' lang='lat' dir='ltr'><strong>appellatione.</strong></span> <span class='ocrx_word' id='word_1_167' title='bbox 740 1548 807 1602; x_wconf 89' lang='lat' dir='ltr'><strong>Nam</strong></span> <span class='ocrx_word' id='word_1_168' title='bbox 818 1549 872 1604; x_wconf 88' lang='lat' dir='ltr'><strong>lan.</strong></span> <span class='ocrx_word' id='word_1_169' title='bbox 884 1551 917 1602; x_wconf 94' lang='lat' dir='ltr'><strong>ab</strong></span> <span class='ocrx_word' id='word_1_170' title='bbox 928 1551 989 1602; x_wconf 90' lang='lat' dir='ltr'><strong>illus</strong></span> <span class='ocrx_word' id='word_1_171' title='bbox 1001 1548 1112 1613; x_wconf 82' lang='lat' dir='ltr'><strong>Quintus</strong></span> <span class='ocrx_word' id='word_1_172' title='bbox 1124 1551 1280 1616; x_wconf 86' lang='lat' dir='ltr'><strong>nominetur,</strong></span> 
     </span>
     <span class='ocr_line' id='line_1_16' title="bbox 114 1631 1280 1706; baseline 0.005 -24"><span class='ocrx_word' id='word_1_173' title='bbox 114 1636 145 1682; x_wconf 89' lang='lat' dir='ltr'><strong>ut</strong></span> <span class='ocrx_word' id='word_1_174' title='bbox 160 1647 179 1684; x_wconf 93' lang='lat' dir='ltr'><strong>a</strong></span> <span class='ocrx_word' id='word_1_175' title='bbox 194 1631 309 1688; x_wconf 74' lang='lat' dir='ltr'><strong>Renum.</strong></span> <span class='ocrx_word' id='word_1_176' title='bbox 321 1631 455 1700; x_wconf 87' lang='lat' dir='ltr'><strong>Quintilis,</strong></span> <span class='ocrx_word' id='word_1_177' title='bbox 471 1633 591 1700; x_wconf 86' lang='lat' dir='ltr'><strong>Sextilia,</strong></span> <span class='ocrx_word' id='word_1_178' title='bbox 609 1633 761 1706; x_wconf 90' lang='lat' dir='ltr'><strong>September</strong></span> <span class='ocrx_word' id='word_1_179' title='bbox 775 1639 825 1690; x_wconf 87' lang='lat' dir='ltr'><strong>etc.</strong></span> <span class='ocrx_word' id='word_1_180' title='bbox 860 1634 912 1689; x_wconf 86' lang='lat' dir='ltr'><strong>Sed</strong></span> <span class='ocrx_word' id='word_1_181' title='bbox 928 1634 1052 1688; x_wconf 87' lang='lat' dir='ltr'><strong>mendum</strong></span> <span class='ocrx_word' id='word_1_182' title='bbox 1068 1636 1095 1688; x_wconf 94' lang='lat' dir='ltr'><strong>in</strong></span> <span class='ocrx_word' id='word_1_183' title='bbox 1106 1651 1170 1689; x_wconf 86' lang='lat' dir='ltr'><strong>voce</strong></span> <span class='ocrx_word' id='word_1_184' title='bbox 1182 1635 1280 1705; x_wconf 69' lang='lat' dir='ltr'><strong>adurere</strong></span> 
     </span>
     <span class='ocr_line' id='line_1_17' title="bbox 114 1717 1281 1790; baseline 0.005 -22"><span class='ocrx_word' id='word_1_185' title='bbox 114 1717 231 1772; x_wconf 83' lang='lat' dir='ltr'><strong>subesse</strong></span> <span class='ocrx_word' id='word_1_186' title='bbox 246 1717 333 1788; x_wconf 89' lang='lat' dir='ltr'><strong>potius</strong></span> <span class='ocrx_word' id='word_1_187' title='bbox 349 1719 467 1778; x_wconf 85' lang='lat' dir='ltr'><strong>arbitror.</strong></span> <span class='ocrx_word' id='word_1_188' title='bbox 501 1719 557 1772; x_wconf 85' lang='lat' dir='ltr'><strong>Nisi</strong></span> <span class='ocrx_word' id='word_1_189' title='bbox 575 1736 591 1773; x_wconf 88' lang='lat' dir='ltr'><strong>a</strong></span> <span class='ocrx_word' id='word_1_190' title='bbox 606 1719 660 1774; x_wconf 86' lang='lat' dir='ltr'><strong>lau.</strong></span> <span class='ocrx_word' id='word_1_191' title='bbox 674 1719 787 1773; x_wconf 88' lang='lat' dir='ltr'><strong>secundo</strong></span> <span class='ocrx_word' id='word_1_192' title='bbox 799 1719 913 1790; x_wconf 69' lang='grc' dir='ltr'>Πέμπτον</span> <span class='ocrx_word' id='word_1_193' title='bbox 929 1719 1057 1790; x_wconf 85' lang='lat' dir='ltr'><strong>auspicati</strong></span> <span class='ocrx_word' id='word_1_194' title='bbox 1071 1720 1125 1774; x_wconf 86' lang='lat' dir='ltr'><strong>siut</strong></span> <span class='ocrx_word' id='word_1_195' title='bbox 1136 1720 1281 1774; x_wconf 86' lang='lat' dir='ltr'><strong>Salaminii.</strong></span> 
     </span>
     <span class='ocr_line' id='line_1_18' title="bbox 114 1788 1280 1876; baseline 0.002 -21"><span class='ocrx_word' id='word_1_196' title='bbox 114 1800 169 1856; x_wconf 83' lang='lat' dir='ltr'><strong>Sed</strong></span> <span class='ocrx_word' id='word_1_197' title='bbox 181 1802 351 1858; x_wconf 78' lang='lat' dir='ltr'><strong>uerisimilius</strong></span> <span class='ocrx_word' id='word_1_198' title='bbox 368 1807 408 1857; x_wconf 87' lang='lat' dir='ltr'><strong>eet</strong></span> <span class='ocrx_word' id='word_1_199' title='bbox 424 1804 516 1876; x_wconf 81' lang='lat' dir='ltr'><strong>llpipb.</strong></span> <span class='ocrx_word' id='word_1_200' title='bbox 528 1811 574 1858; x_wconf 91' lang='lat' dir='ltr'><strong>ant</strong></span> <span class='ocrx_word' id='word_1_201' title='bbox 589 1805 645 1858; x_wconf 88' lang='lat' dir='ltr'><strong>eine</strong></span> <span class='ocrx_word' id='word_1_202' title='bbox 657 1805 804 1868; x_wconf 88' lang='lat' dir='ltr'><strong>librarium,</strong></span> <span class='ocrx_word' id='word_1_203' title='bbox 820 1821 879 1858; x_wconf 89' lang='lat' dir='ltr'><strong>cum</strong></span> <span class='ocrx_word' id='word_1_204' title='bbox 894 1804 1044 1876; x_wconf 88' lang='lat' dir='ltr'><strong>imprudens</strong></span> <span class='ocrx_word' id='word_1_205' title='bbox 1060 1788 1165 1875; x_wconf 51' lang='grc' dir='ltr'>πέμψ’</span> <span class='ocrx_word' id='word_1_206' title='bbox 1175 1810 1219 1857; x_wconf 79' lang='grc' dir='ltr'><strong>τοῦ</strong></span> <span class='ocrx_word' id='word_1_207' title='bbox 1231 1803 1280 1857; x_wconf 86' lang='grc' dir='ltr'><strong>Ἰα-</strong></span> 
     </span>
     <span class='ocr_line' id='line_1_19' title="bbox 115 1887 1333 1960; baseline 0.003 -20"><span class='ocrx_word' id='word_1_208' title='bbox 115 1887 235 1956; x_wconf 77' lang='grc' dir='ltr'>νωαρίοτ</span> <span class='ocrx_word' id='word_1_209' title='bbox 244 1889 389 1958; x_wconf 88' lang='lat' dir='ltr'><strong>scripsisset</strong></span> <span class='ocrx_word' id='word_1_210' title='bbox 396 1907 443 1960; x_wconf 92' lang='lat' dir='ltr'><strong>pro</strong></span> <span class='ocrx_word' id='word_1_211' title='bbox 452 1888 521 1959; x_wconf 73' lang='grc' dir='ltr'>ἕκτῃ,</span> <span class='ocrx_word' id='word_1_212' title='bbox 531 1890 600 1944; x_wconf 75' lang='grc' dir='ltr'>ἰᾶται</span> <span class='ocrx_word' id='word_1_213' title='bbox 608 1891 635 1944; x_wconf 91' lang='lat' dir='ltr'><strong>in</strong></span> <span class='ocrx_word' id='word_1_214' title='bbox 645 1889 845 1944; x_wconf 66' lang='lat' dir='ltr'><strong>Salaminiorum</strong></span> <span class='ocrx_word' id='word_1_215' title='bbox 854 1906 943 1944; x_wconf 88' lang='lat' dir='ltr'><strong>menes</strong></span> <span class='ocrx_word' id='word_1_216' title='bbox 951 1890 1051 1945; x_wconf 84' lang='lat' dir='ltr'><strong>iecisse.</strong></span> <span class='ocrx_word' id='word_1_217' title='bbox 1069 1891 1185 1960; x_wconf 80' lang='lat' dir='ltr'><strong>Apparet</strong></span> <span class='ocrx_word' id='word_1_218' title='bbox 1193 1895 1280 1944; x_wconf 85' lang='lat' dir='ltr'><strong>antem</strong></span> <span class='ocrx_word' id='word_1_219' title='bbox 1326 1895 1333 1906; x_wconf 80' lang='lat'><strong><em>‘</em></strong></span> 
     </span>
     <span class='ocr_line' id='line_1_20' title="bbox 115 1971 1279 2046; baseline 0.003 -22"><span class='ocrx_word' id='word_1_220' title='bbox 115 1989 149 2024; x_wconf 83' lang='lat' dir='ltr'><strong>ex</strong></span> <span class='ocrx_word' id='word_1_221' title='bbox 167 1971 222 2026; x_wconf 89' lang='lat' dir='ltr'><strong>boc</strong></span> <span class='ocrx_word' id='word_1_222' title='bbox 238 1974 295 2027; x_wconf 87' lang='lat' dir='ltr'><strong>loco</strong></span> <span class='ocrx_word' id='word_1_223' title='bbox 312 1973 467 2028; x_wconf 74' lang='lat' dir='ltr'><strong>Salaminios</strong></span> <span class='ocrx_word' id='word_1_224' title='bbox 483 1989 581 2030; x_wconf 89' lang='lat' dir='ltr'><strong>annum</strong></span> <span class='ocrx_word' id='word_1_225' title='bbox 597 1989 613 2029; x_wconf 89' lang='lat' dir='ltr'><strong>a</strong></span> <span class='ocrx_word' id='word_1_226' title='bbox 629 1975 761 2046; x_wconf 77' lang='lat' dir='ltr'><strong>Septemb.</strong></span> <span class='ocrx_word' id='word_1_227' title='bbox 774 1974 821 2028; x_wconf 90' lang='lat' dir='ltr'><strong>lul.</strong></span> <span class='ocrx_word' id='word_1_228' title='bbox 833 1973 890 2030; x_wconf 82' lang='lat' dir='ltr'><strong>Kal</strong></span> <span class='ocrx_word' id='word_1_229' title='bbox 902 1976 1051 2046; x_wconf 73' lang='lat' dir='ltr'><strong>auspicatos</strong></span> <span class='ocrx_word' id='word_1_230' title='bbox 1069 1991 1139 2039; x_wconf 89' lang='lat' dir='ltr'><strong>esse,</strong></span> <span class='ocrx_word' id='word_1_231' title='bbox 1157 1975 1225 2044; x_wconf 92' lang='lat' dir='ltr'><strong>quod</strong></span> <span class='ocrx_word' id='word_1_232' title='bbox 1241 1975 1279 2028; x_wconf 88' lang='lat' dir='ltr'><strong>in·</strong></span> 
     </span>
     <span class='ocr_line' id='line_1_21' title="bbox 116 2057 1135 2132; baseline 0.003 -21"><span class='ocrx_word' id='word_1_233' title='bbox 116 2057 242 2112; x_wconf 87' lang='lat' dir='ltr'><strong>dictionis</strong></span> <span class='ocrx_word' id='word_1_234' title='bbox 254 2060 367 2130; x_wconf 89' lang='lat' dir='ltr'><strong>annique</strong></span> <span class='ocrx_word' id='word_1_235' title='bbox 379 2060 547 2131; x_wconf 85' lang='lat' dir='ltr'><strong>primordium</strong></span> <span class='ocrx_word' id='word_1_236' title='bbox 559 2059 838 2131; x_wconf 74' lang='lat' dir='ltr'><strong>constantinopolitani</strong></span> <span class='ocrx_word' id='word_1_237' title='bbox 849 2069 941 2131; x_wconf 89' lang='lat' dir='ltr'><strong>postea</strong></span> <span class='ocrx_word' id='word_1_238' title='bbox 952 2059 1135 2132; x_wconf 81' lang='lat' dir='ltr'><strong>praefixerunt.</strong></span> 
     </span>
    </p>

    <p class='ocr_par' dir='ltr' id='par_1_5' title="bbox 114 2143 1279 2472">
     <span class='ocr_line' id='line_1_22' title="bbox 183 2143 1279 2216; baseline 0.002 -20"><span class='ocrx_word' id='word_1_239' title='bbox 183 2143 258 2198; x_wconf 79' lang='grc' dir='ltr'>Κατὰ</span> <span class='ocrx_word' id='word_1_240' title='bbox 268 2144 376 2216; x_wconf 70' lang='lat' dir='ltr'><strong>llnplooc</strong></span> <span class='ocrx_word' id='word_1_241' title='bbox 388 2143 484 2198; x_wconf 75' lang='lat' dir='ltr'><strong>’lullus</strong></span> <span class='ocrx_word' id='word_1_242' title='bbox 496 2144 766 2216; x_wconf 57' lang='grc' dir='ltr'>τεσσαρεσκαιδεκάτη]</span> <span class='ocrx_word' id='word_1_243' title='bbox 789 2145 871 2216; x_wconf 80' lang='lat' dir='ltr'><strong>Igitur</strong></span> <span class='ocrx_word' id='word_1_244' title='bbox 887 2145 936 2199; x_wconf 89' lang='lat' dir='ltr'><strong>luli</strong></span> <span class='ocrx_word' id='word_1_245' title='bbox 951 2146 1049 2200; x_wconf 86' lang='lat' dir='ltr'><strong>mensis</strong></span> <span class='ocrx_word' id='word_1_246' title='bbox 1064 2145 1166 2200; x_wconf 89' lang='lat' dir='ltr'><strong>initium</strong></span> <span class='ocrx_word' id='word_1_247' title='bbox 1179 2162 1195 2198; x_wconf 85' lang='lat' dir='ltr'><strong>a</strong></span> <span class='ocrx_word' id='word_1_248' title='bbox 1207 2163 1279 2199; x_wconf 80' lang='lat' dir='ltr'><strong>xxru.</strong></span> 
     </span>
     <span class='ocr_line' id='line_1_23' title="bbox 114 2227 1278 2301; baseline 0 -19"><span class='ocrx_word' id='word_1_249' title='bbox 114 2227 177 2282; x_wconf 84' lang='lat' dir='ltr'><strong>Deo.</strong></span> <span class='ocrx_word' id='word_1_250' title='bbox 203 2227 256 2293; x_wconf 82' lang='lat' dir='ltr'><strong>Qui</strong></span> <span class='ocrx_word' id='word_1_251' title='bbox 267 2232 290 2283; x_wconf 85' lang='lat' dir='ltr'><strong>ai</strong></span> <span class='ocrx_word' id='word_1_252' title='bbox 300 2231 417 2285; x_wconf 86' lang='lat' dir='ltr'><strong>lulianus</strong></span> <span class='ocrx_word' id='word_1_253' title='bbox 428 2231 491 2296; x_wconf 83' lang='lat' dir='ltr'><strong>tuit,</strong></span> <span class='ocrx_word' id='word_1_254' title='bbox 507 2231 628 2286; x_wconf 76' lang='lat' dir='ltr'><strong>credibile</strong></span> <span class='ocrx_word' id='word_1_255' title='bbox 644 2238 685 2286; x_wconf 88' lang='lat' dir='ltr'><strong>est</strong></span> <span class='ocrx_word' id='word_1_256' title='bbox 700 2232 733 2285; x_wconf 88' lang='lat' dir='ltr'><strong>ab</strong></span> <span class='ocrx_word' id='word_1_257' title='bbox 751 2232 915 2301; x_wconf 85' lang='lat' dir='ltr'><strong>aequinoctio</strong></span> <span class='ocrx_word' id='word_1_258' title='bbox 926 2247 1006 2288; x_wconf 76' lang='lat' dir='ltr'><strong>seruo</strong></span> <span class='ocrx_word' id='word_1_259' title='bbox 1018 2230 1119 2284; x_wconf 89' lang='lat' dir='ltr'><strong>circiter</strong></span> <span class='ocrx_word' id='word_1_260' title='bbox 1130 2246 1228 2282; x_wconf 86' lang='lat' dir='ltr'><strong>anuum</strong></span> <span class='ocrx_word' id='word_1_261' title='bbox 1239 2231 1278 2282; x_wconf 87' lang='lat' dir='ltr'><strong>in·</strong></span> 
     </span>
     <span class='ocr_line' id='line_1_24' title="bbox 116 2315 1279 2387; baseline 0.003 -21"><span class='ocrx_word' id='word_1_262' title='bbox 116 2315 221 2385; x_wconf 86' lang='lat' dir='ltr'><strong>cepisse</strong></span> <span class='ocrx_word' id='word_1_263' title='bbox 232 2315 353 2387; x_wconf 83' lang='lat' dir='ltr'><strong>Paphios.</strong></span> <span class='ocrx_word' id='word_1_264' title='bbox 377 2315 444 2370; x_wconf 82' lang='lat' dir='ltr'><strong>Nam</strong></span> <span class='ocrx_word' id='word_1_265' title='bbox 456 2317 479 2369; x_wconf 88' lang='lat' dir='ltr'><strong>si</strong></span> <span class='ocrx_word' id='word_1_266' title='bbox 489 2316 562 2370; x_wconf 87' lang='lat' dir='ltr'><strong>Iulus</strong></span> <span class='ocrx_word' id='word_1_267' title='bbox 572 2317 708 2372; x_wconf 78' lang='lat' dir='ltr'><strong>Imuariue</strong></span> <span class='ocrx_word' id='word_1_268' title='bbox 720 2323 773 2381; x_wconf 89' lang='lat' dir='ltr'><strong>eet,</strong></span> <span class='ocrx_word' id='word_1_269' title='bbox 784 2317 882 2370; x_wconf 88' lang='lat' dir='ltr'><strong>mensis</strong></span> <span class='ocrx_word' id='word_1_270' title='bbox 895 2317 928 2372; x_wconf 88' lang='lat' dir='ltr'><strong>ab</strong></span> <span class='ocrx_word' id='word_1_271' title='bbox 939 2317 985 2371; x_wconf 93' lang='lat' dir='ltr'><strong>illo</strong></span> <span class='ocrx_word' id='word_1_272' title='bbox 997 2317 1087 2372; x_wconf 83' lang='lat' dir='ltr'><strong>tertius</strong></span> <span class='ocrx_word' id='word_1_273' title='bbox 1098 2316 1126 2370; x_wconf 89' lang='lat' dir='ltr'><strong>in</strong></span> <span class='ocrx_word' id='word_1_274' title='bbox 1137 2331 1199 2370; x_wconf 89' lang='lat' dir='ltr'><strong>eum</strong></span> <span class='ocrx_word' id='word_1_275' title='bbox 1210 2316 1279 2370; x_wconf 86' lang='lat' dir='ltr'><strong>diens</strong></span> 
     </span>
     <span class='ocr_line' id='line_1_25' title="bbox 115 2400 1014 2472; baseline 0.003 -20"><span class='ocrx_word' id='word_1_276' title='bbox 115 2400 308 2470; x_wconf 87' lang='lat' dir='ltr'><strong>propemodum</strong></span> <span class='ocrx_word' id='word_1_277' title='bbox 320 2401 426 2466; x_wconf 87' lang='lat' dir='ltr'><strong>desinit,</strong></span> <span class='ocrx_word' id='word_1_278' title='bbox 439 2402 484 2472; x_wconf 91' lang='lat' dir='ltr'><strong>qni</strong></span> <span class='ocrx_word' id='word_1_279' title='bbox 495 2401 659 2472; x_wconf 86' lang='lat' dir='ltr'><strong>aequinoctio</strong></span> <span class='ocrx_word' id='word_1_280' title='bbox 673 2401 803 2472; x_wconf 88' lang='lat' dir='ltr'><strong>quondam</strong></span> <span class='ocrx_word' id='word_1_281' title='bbox 815 2402 954 2456; x_wconf 75' lang='lat' dir='ltr'><strong>attributus</strong></span> <span class='ocrx_word' id='word_1_282' title='bbox 967 2407 1014 2455; x_wconf 88' lang='lat' dir='ltr'><strong>est.</strong></span> 
     </span>
    </p>

    <p class='ocr_par' dir='ltr' id='par_1_6' title="bbox 184 2482 1279 2558">
     <span class='ocr_line' id='line_1_26' title="bbox 184 2482 1279 2558; baseline 0.002 -20"><span class='ocrx_word' id='word_1_283' title='bbox 184 2483 257 2538; x_wconf 70' lang='lat' dir='ltr'><strong>llari</strong></span> <span class='ocrx_word' id='word_1_284' title='bbox 267 2482 378 2558; x_wconf 70' lang='grc' dir='ltr'>Ἄραβας</span> <span class='ocrx_word' id='word_1_285' title='bbox 389 2485 508 2558; x_wconf 58' lang='lat' dir='ltr'><strong>&#39;almer</strong></span> <span class='ocrx_word' id='word_1_286' title='bbox 530 2487 560 2542; x_wconf 90' lang='lat' dir='ltr'><strong>ln</strong></span> <span class='ocrx_word' id='word_1_287' title='bbox 572 2488 687 2558; x_wconf 75' lang='lat' dir='ltr'><strong>vulgaris</strong></span> <span class='ocrx_word' id='word_1_288' title='bbox 699 2488 815 2544; x_wconf 72' lang='lat' dir='ltr'><strong>Arabum</strong></span> <span class='ocrx_word' id='word_1_289' title='bbox 825 2487 959 2542; x_wconf 85' lang='lat' dir='ltr'><strong>mensibus</strong></span> <span class='ocrx_word' id='word_1_290' title='bbox 974 2503 1060 2557; x_wconf 89' lang='lat' dir='ltr'><strong>ueqne</strong></span> <span class='ocrx_word' id='word_1_291' title='bbox 1075 2487 1179 2552; x_wconf 81' lang='lat' dir='ltr'><strong>dleom,</strong></span> <span class='ocrx_word' id='word_1_292' title='bbox 1195 2503 1279 2558; x_wconf 89' lang='lat' dir='ltr'><strong>neque</strong></span> 
     </span>
    </p>

    <p class='ocr_par' dir='ltr' id='par_1_7' title="bbox 67 2571 1376 4611">
     <span class='ocr_line' id='line_1_27' title="bbox 67 2571 1279 2643; baseline 0.003 -19"><span class='ocrx_word' id='word_1_293' title='bbox 67 2630 70 2641; x_wconf 36' lang='lat'><em>¹</em></span> <span class='ocrx_word' id='word_1_294' title='bbox 117 2571 162 2640; x_wconf 81' lang='lat' dir='ltr'><strong>qui</strong></span> <span class='ocrx_word' id='word_1_295' title='bbox 172 2577 269 2642; x_wconf 86' lang='lat' dir='ltr'><strong>postea</strong></span> <span class='ocrx_word' id='word_1_296' title='bbox 279 2571 708 2642; x_wconf 77' lang='lat' dir='ltr'><strong>commemoraturdngaltbsbaith</strong></span> <span class='ocrx_word' id='word_1_297' title='bbox 719 2573 806 2628; x_wconf 89' lang='lat' dir='ltr'><strong>lecum</strong></span> <span class='ocrx_word' id='word_1_298' title='bbox 817 2573 900 2626; x_wconf 87' lang='lat' dir='ltr'><strong>ullum</strong></span> <span class='ocrx_word' id='word_1_299' title='bbox 910 2571 996 2626; x_wconf 76' lang='lat' dir='ltr'><strong>habet.</strong></span> <span class='ocrx_word' id='word_1_300' title='bbox 1017 2572 1070 2626; x_wconf 86' lang='lat' dir='ltr'><strong>Sed</strong></span> <span class='ocrx_word' id='word_1_301' title='bbox 1079 2588 1165 2643; x_wconf 90' lang='lat' dir='ltr'><strong>neque</strong></span> <span class='ocrx_word' id='word_1_302' title='bbox 1175 2574 1279 2628; x_wconf 88' lang='lat' dir='ltr'><strong>lunares</strong></span> 
     </span>
     <span class='ocr_line' id='line_1_28' title="bbox 116 2656 1280 2729; baseline 0.003 -20"><span class='ocrx_word' id='word_1_303' title='bbox 116 2673 224 2711; x_wconf 75' lang='lat' dir='ltr'><strong>nemea</strong></span> <span class='ocrx_word' id='word_1_304' title='bbox 240 2657 284 2710; x_wconf 91' lang='lat' dir='ltr'><strong>ieti</strong></span> <span class='ocrx_word' id='word_1_305' title='bbox 300 2663 374 2724; x_wconf 86' lang='lat' dir='ltr'><strong>snnt;</strong></span> <span class='ocrx_word' id='word_1_306' title='bbox 391 2659 415 2710; x_wconf 88' lang='lat' dir='ltr'><strong>ei</strong></span> <span class='ocrx_word' id='word_1_307' title='bbox 432 2657 536 2729; x_wconf 86' lang='lat' dir='ltr'><strong>quidem</strong></span> <span class='ocrx_word' id='word_1_308' title='bbox 551 2659 578 2712; x_wconf 86' lang='lat' dir='ltr'><strong>ln</strong></span> <span class='ocrx_word' id='word_1_309' title='bbox 595 2659 862 2712; x_wconf 78' lang='lat' dir='ltr'><strong>lan.s1.dleomxxr.</strong></span> <span class='ocrx_word' id='word_1_310' title='bbox 880 2656 990 2723; x_wconf 88' lang='lat' dir='ltr'><strong>ineidat,</strong></span> <span class='ocrx_word' id='word_1_311' title='bbox 1008 2673 1075 2727; x_wconf 90' lang='lat' dir='ltr'><strong>quae</strong></span> <span class='ocrx_word' id='word_1_312' title='bbox 1091 2663 1144 2712; x_wconf 92' lang='lat' dir='ltr'><strong>tum</strong></span> <span class='ocrx_word' id='word_1_313' title='bbox 1158 2657 1280 2712; x_wconf 82' lang='lat' dir='ltr'><strong>disserat</strong></span> 
     </span>
     <span class='ocr_line' id='line_1_29' title="bbox 116 2743 1278 2814; baseline 0.006 -19"><span class='ocrx_word' id='word_1_314' title='bbox 116 2743 194 2796; x_wconf 89' lang='lat' dir='ltr'><strong>lunae</strong></span> <span class='ocrx_word' id='word_1_315' title='bbox 209 2759 272 2808; x_wconf 74' lang='lat' dir='ltr'><strong>aru,</strong></span> <span class='ocrx_word' id='word_1_316' title='bbox 288 2744 359 2812; x_wconf 75' lang='lat' dir='ltr'><strong>cyclo</strong></span> <span class='ocrx_word' id='word_1_317' title='bbox 371 2762 390 2799; x_wconf 89' lang='lat'><strong>1.</strong></span> <span class='ocrx_word' id='word_1_318' title='bbox 413 2743 479 2798; x_wconf 78' lang='lat' dir='ltr'><strong>Nan</strong></span> <span class='ocrx_word' id='word_1_319' title='bbox 493 2745 631 2800; x_wconf 81' lang='lat' dir='ltr'><strong>neomenia</strong></span> <span class='ocrx_word' id='word_1_320' title='bbox 643 2760 675 2798; x_wconf 81' lang='lat' dir='ltr'><strong>ex</strong></span> <span class='ocrx_word' id='word_1_321' title='bbox 687 2743 851 2798; x_wconf 87' lang='lat' dir='ltr'><strong>Ptolemaicie</strong></span> <span class='ocrx_word' id='word_1_322' title='bbox 862 2744 966 2798; x_wconf 83' lang='lat' dir='ltr'><strong>ldnlleri</strong></span> <span class='ocrx_word' id='word_1_323' title='bbox 976 2743 1084 2797; x_wconf 80' lang='lat' dir='ltr'><strong>Tabulis</strong></span> <span class='ocrx_word' id='word_1_324' title='bbox 1096 2743 1207 2814; x_wconf 81' lang='lat' dir='ltr'><strong>contigit</strong></span> <span class='ocrx_word' id='word_1_325' title='bbox 1217 2745 1278 2802; x_wconf 85' lang='lat' dir='ltr'><strong>Dec.</strong></span> 
     </span>
     <span class='ocr_line' id='line_1_30' title="bbox 117 2826 1278 2899; baseline 0.002 -19"><span class='ocrx_word' id='word_1_326' title='bbox 117 2827 157 2881; x_wconf 76' lang='lat'><strong>26.</strong></span> <span class='ocrx_word' id='word_1_327' title='bbox 169 2827 195 2882; x_wconf 86' lang='grc'><strong>8.</strong></span> <span class='ocrx_word' id='word_1_328' title='bbox 209 2826 275 2894; x_wconf 76' lang='lat'><strong>82¹..</strong></span> <span class='ocrx_word' id='word_1_329' title='bbox 291 2829 363 2898; x_wconf 80' lang='lat' dir='ltr'><strong>cyclo</strong></span> <span class='ocrx_word' id='word_1_330' title='bbox 377 2829 428 2895; x_wconf 58' lang='lat'><strong>19,</strong></span> <span class='ocrx_word' id='word_1_331' title='bbox 440 2845 509 2884; x_wconf 87' lang='lat' dir='ltr'><strong>anuo</strong></span> <span class='ocrx_word' id='word_1_332' title='bbox 520 2828 621 2884; x_wconf 84' lang='lat' dir='ltr'><strong>Iuliano</strong></span> <span class='ocrx_word' id='word_1_333' title='bbox 633 2847 703 2884; x_wconf 82' lang='lat' dir='ltr'><strong>aurs.</strong></span> <span class='ocrx_word' id='word_1_334' title='bbox 728 2828 766 2882; x_wconf 91' lang='lat' dir='ltr'><strong>De</strong></span> <span class='ocrx_word' id='word_1_335' title='bbox 777 2827 981 2898; x_wconf 84' lang='lat' dir='ltr'><strong>Augalthabaith</strong></span> <span class='ocrx_word' id='word_1_336' title='bbox 991 2828 1060 2882; x_wconf 90' lang='lat' dir='ltr'><strong>idem</strong></span> <span class='ocrx_word' id='word_1_337' title='bbox 1071 2834 1162 2899; x_wconf 89' lang='lat' dir='ltr'><strong>postea</strong></span> <span class='ocrx_word' id='word_1_338' title='bbox 1174 2829 1278 2884; x_wconf 89' lang='lat' dir='ltr'><strong>demon·</strong></span> 
     </span>
     <span class='ocr_line' id='line_1_31' title="bbox 116 2913 1279 2979; baseline 0.001 -12"><span class='ocrx_word' id='word_1_339' title='bbox 116 2913 252 2967; x_wconf 74' lang='lat' dir='ltr'><strong>strabitur.</strong></span> <span class='ocrx_word' id='word_1_340' title='bbox 274 2913 400 2979; x_wconf 76' lang='lat' dir='ltr'><strong>Quocirca</strong></span> <span class='ocrx_word' id='word_1_341' title='bbox 411 2913 526 2968; x_wconf 87' lang='lat' dir='ltr'><strong>nondum</strong></span> <span class='ocrx_word' id='word_1_342' title='bbox 536 2916 655 2970; x_wconf 86' lang='lat' dir='ltr'><strong>lunarem</strong></span> <span class='ocrx_word' id='word_1_343' title='bbox 666 2915 764 2968; x_wconf 83' lang='lat' dir='ltr'><strong>aunum</strong></span> <span class='ocrx_word' id='word_1_344' title='bbox 781 2913 814 2966; x_wconf 88' lang='lat' dir='ltr'><strong>ad</strong></span> <span class='ocrx_word' id='word_1_345' title='bbox 828 2913 931 2968; x_wconf 82' lang='lat' dir='ltr'><strong>ciuilem</strong></span> <span class='ocrx_word' id='word_1_346' title='bbox 941 2929 1019 2966; x_wconf 89' lang='lat' dir='ltr'><strong>usum</strong></span> <span class='ocrx_word' id='word_1_347' title='bbox 1031 2913 1130 2968; x_wconf 81' lang='lat' dir='ltr'><strong>Arabes</strong></span> <span class='ocrx_word' id='word_1_348' title='bbox 1142 2915 1279 2968; x_wconf 87' lang='lat' dir='ltr'><strong>transtule-</strong></span> 
     </span>
     <span class='ocr_line' id='line_1_32' title="bbox 117 2998 1278 3070; baseline 0.001 -18"><span class='ocrx_word' id='word_1_349' title='bbox 117 3005 182 3054; x_wconf 89' lang='lat' dir='ltr'><strong>rant.</strong></span> <span class='ocrx_word' id='word_1_350' title='bbox 211 2998 277 3052; x_wconf 87' lang='lat' dir='ltr'><strong>Nam</strong></span> <span class='ocrx_word' id='word_1_351' title='bbox 290 3015 349 3053; x_wconf 89' lang='lat' dir='ltr'><strong>cum</strong></span> <span class='ocrx_word' id='word_1_352' title='bbox 360 2999 458 3054; x_wconf 79' lang='lat' dir='ltr'><strong>Arabm</strong></span> <span class='ocrx_word' id='word_1_353' title='bbox 470 3000 589 3053; x_wconf 87' lang='lat' dir='ltr'><strong>nominat</strong></span> <span class='ocrx_word' id='word_1_354' title='bbox 599 2998 771 3070; x_wconf 82' lang='lat' dir='ltr'><strong>Epiphanius,</strong></span> <span class='ocrx_word' id='word_1_355' title='bbox 782 2999 909 3052; x_wconf 91' lang='lat' dir='ltr'><strong>maiorem</strong></span> <span class='ocrx_word' id='word_1_356' title='bbox 920 2999 990 3051; x_wconf 89' lang='lat' dir='ltr'><strong>illius</strong></span> <span class='ocrx_word' id='word_1_357' title='bbox 1002 2999 1088 3068; x_wconf 83' lang='lat' dir='ltr'><strong>gentis</strong></span> <span class='ocrx_word' id='word_1_358' title='bbox 1100 2998 1278 3070; x_wconf 89' lang='lat' dir='ltr'><strong>potioremque</strong></span> 
     </span>
     <span class='ocr_line' id='line_1_33' title="bbox 117 3075 1278 3156; baseline -0.002 -16"><span class='ocrx_word' id='word_1_359' title='bbox 117 3090 220 3155; x_wconf 83' lang='lat' dir='ltr'><strong>partem</strong></span> <span class='ocrx_word' id='word_1_360' title='bbox 231 3085 359 3156; x_wconf 72' lang='lat' dir='ltr'><strong>intelligit.</strong></span> <span class='ocrx_word' id='word_1_361' title='bbox 382 3085 419 3140; x_wconf 74' lang='lat' dir='ltr'><strong>Ae</strong></span> <span class='ocrx_word' id='word_1_362' title='bbox 431 3084 498 3138; x_wconf 78' lang='lat' dir='ltr'><strong>Scal.</strong></span> <span class='ocrx_word' id='word_1_363' title='bbox 514 3086 531 3140; x_wconf 90' lang='lat' dir='ltr'><strong>l.</strong></span> <span class='ocrx_word' id='word_1_364' title='bbox 543 3103 572 3142; x_wconf 89' lang='lat' dir='ltr'><strong>u.</strong></span> <span class='ocrx_word' id='word_1_365' title='bbox 590 3085 621 3138; x_wconf 92' lang='lat' dir='ltr'><strong>de</strong></span> <span class='ocrx_word' id='word_1_366' title='bbox 632 3084 739 3141; x_wconf 72' lang='lat' dir='ltr'><strong>Emend.</strong></span> <span class='ocrx_word' id='word_1_367' title='bbox 752 3083 855 3156; x_wconf 76' lang='lat' dir='ltr'><strong>remp..</strong></span> <span class='ocrx_word' id='word_1_368' title='bbox 873 3091 899 3138; x_wconf 89' lang='lat' dir='ltr'><strong>et</strong></span> <span class='ocrx_word' id='word_1_369' title='bbox 910 3082 978 3153; x_wconf 79' lang='lat' dir='ltr'><strong>leeg.</strong></span> <span class='ocrx_word' id='word_1_370' title='bbox 991 3082 1054 3136; x_wconf 83' lang='lat' dir='ltr'><strong>Oen.</strong></span> <span class='ocrx_word' id='word_1_371' title='bbox 1070 3083 1087 3138; x_wconf 93' lang='lat' dir='ltr'><strong>l.</strong></span> <span class='ocrx_word' id='word_1_372' title='bbox 1099 3101 1129 3138; x_wconf 86' lang='lat'><strong>11.</strong></span> <span class='ocrx_word' id='word_1_373' title='bbox 1142 3099 1172 3136; x_wconf 89' lang='lat' dir='ltr'><strong>ae</strong></span> <span class='ocrx_word' id='word_1_374' title='bbox 1184 3075 1223 3138; x_wconf 86' lang='lat' dir='ltr'><strong>ni.</strong></span> <span class='ocrx_word' id='word_1_375' title='bbox 1235 3101 1278 3138; x_wconf 84' lang='lat' dir='ltr'><strong>ve-</strong></span> 
     </span>
     <span class='ocr_line' id='line_1_34' title="bbox 118 3167 1277 3242; baseline 0 -18"><span class='ocrx_word' id='word_1_376' title='bbox 118 3177 184 3224; x_wconf 87' lang='lat' dir='ltr'><strong>teres</strong></span> <span class='ocrx_word' id='word_1_377' title='bbox 193 3171 295 3224; x_wconf 77' lang='lat' dir='ltr'><strong>Arabes</strong></span> <span class='ocrx_word' id='word_1_378' title='bbox 304 3169 437 3242; x_wconf 79' lang='lat' dir='ltr'><strong>ilalippiea</strong></span> <span class='ocrx_word' id='word_1_379' title='bbox 446 3169 600 3226; x_wconf 84' lang='lat' dir='ltr'><strong>anniiorma</strong></span> <span class='ocrx_word' id='word_1_380' title='bbox 611 3185 673 3224; x_wconf 89' lang='lat' dir='ltr'><strong>usos</strong></span> <span class='ocrx_word' id='word_1_381' title='bbox 685 3185 742 3224; x_wconf 83' lang='lat' dir='ltr'><strong>oeae</strong></span> <span class='ocrx_word' id='word_1_382' title='bbox 752 3169 878 3238; x_wconf 88' lang='lat' dir='ltr'><strong>decernit,</strong></span> <span class='ocrx_word' id='word_1_383' title='bbox 891 3175 920 3222; x_wconf 89' lang='lat' dir='ltr'><strong>ut</strong></span> <span class='ocrx_word' id='word_1_384' title='bbox 932 3174 957 3221; x_wconf 94' lang='lat' dir='ltr'><strong>et</strong></span> <span class='ocrx_word' id='word_1_385' title='bbox 966 3167 1109 3224; x_wconf 78' lang='lat' dir='ltr'><strong>Qbaldaeos</strong></span> <span class='ocrx_word' id='word_1_386' title='bbox 1121 3183 1151 3222; x_wconf 85' lang='lat' dir='ltr'><strong>ac</strong></span> <span class='ocrx_word' id='word_1_387' title='bbox 1160 3169 1277 3236; x_wconf 86' lang='lat' dir='ltr'><strong>ludaeos,</strong></span> 
     </span>
     <span class='ocr_line' id='line_1_35' title="bbox 118 3254 1278 3326; baseline -0.001 -16"><span class='ocrx_word' id='word_1_388' title='bbox 118 3257 235 3311; x_wconf 66' lang='lat' dir='ltr'><strong>mabam</strong></span> <span class='ocrx_word' id='word_1_389' title='bbox 244 3271 305 3310; x_wconf 80' lang='lat' dir='ltr'><strong>vero</strong></span> <span class='ocrx_word' id='word_1_390' title='bbox 314 3255 442 3326; x_wconf 87' lang='lat' dir='ltr'><strong>duplicem</strong></span> <span class='ocrx_word' id='word_1_391' title='bbox 454 3255 634 3322; x_wconf 72' lang='lat' dir='ltr'><strong>antetulerit,</strong></span> <span class='ocrx_word' id='word_1_392' title='bbox 646 3255 757 3310; x_wconf 90' lang='lat' dir='ltr'><strong>alterum</strong></span> <span class='ocrx_word' id='word_1_393' title='bbox 765 3255 970 3319; x_wconf 87' lang='lat' dir='ltr'><strong>Damascenum,</strong></span> <span class='ocrx_word' id='word_1_394' title='bbox 982 3254 1036 3308; x_wconf 82' lang='lat' dir='ltr'><strong>eise</strong></span> <span class='ocrx_word' id='word_1_395' title='bbox 1045 3254 1224 3324; x_wconf 82' lang='lat' dir='ltr'><strong>llagarermm,</strong></span> <span class='ocrx_word' id='word_1_396' title='bbox 1236 3257 1278 3310; x_wconf 88' lang='lat' dir='ltr'><strong>cni</strong></span> 
     </span>
     <span class='ocr_line' id='line_1_36' title="bbox 119 3339 1277 3410; baseline 0 -16"><span class='ocrx_word' id='word_1_397' title='bbox 119 3341 291 3395; x_wconf 83' lang='lat' dir='ltr'><strong>desultorlum</strong></span> <span class='ocrx_word' id='word_1_398' title='bbox 301 3341 471 3397; x_wconf 85' lang='lat' dir='ltr'><strong>intercalandi</strong></span> <span class='ocrx_word' id='word_1_399' title='bbox 482 3357 581 3398; x_wconf 86' lang='lat' dir='ltr'><strong>morem</strong></span> <span class='ocrx_word' id='word_1_400' title='bbox 593 3341 722 3406; x_wconf 84' lang='lat' dir='ltr'><strong>attribuit,</strong></span> <span class='ocrx_word' id='word_1_401' title='bbox 734 3341 808 3396; x_wconf 90' lang='lat' dir='ltr'><strong>cuius</strong></span> <span class='ocrx_word' id='word_1_402' title='bbox 820 3339 940 3410; x_wconf 90' lang='lat' dir='ltr'><strong>periodus</strong></span> <span class='ocrx_word' id='word_1_403' title='bbox 953 3353 1073 3394; x_wconf 83' lang='lat' dir='ltr'><strong>ccxxvm</strong></span> <span class='ocrx_word' id='word_1_404' title='bbox 1084 3340 1160 3394; x_wconf 87' lang='lat' dir='ltr'><strong>annis</strong></span> <span class='ocrx_word' id='word_1_405' title='bbox 1171 3341 1277 3394; x_wconf 87' lang='lat' dir='ltr'><strong>Iulianis</strong></span> 
     </span>
     <span class='ocr_line' id='line_1_37' title="bbox 120 3423 1276 3497; baseline -0.002 -15"><span class='ocrx_word' id='word_1_406' title='bbox 120 3427 221 3493; x_wconf 79' lang='lat' dir='ltr'><strong>delinit,</strong></span> <span class='ocrx_word' id='word_1_407' title='bbox 233 3428 262 3480; x_wconf 86' lang='lat' dir='ltr'><strong>in</strong></span> <span class='ocrx_word' id='word_1_408' title='bbox 272 3443 325 3497; x_wconf 84' lang='lat' dir='ltr'><strong>qua</strong></span> <span class='ocrx_word' id='word_1_409' title='bbox 335 3439 437 3482; x_wconf 86' lang='lat' dir='ltr'><strong>menses</strong></span> <span class='ocrx_word' id='word_1_410' title='bbox 450 3441 539 3483; x_wconf 86' lang='lat' dir='ltr'><strong>omnes</strong></span> <span class='ocrx_word' id='word_1_411' title='bbox 551 3427 704 3496; x_wconf 79' lang='lat' dir='ltr'><strong>singillatim</strong></span> <span class='ocrx_word' id='word_1_412' title='bbox 712 3441 810 3480; x_wconf 88' lang='lat' dir='ltr'><strong>annum</strong></span> <span class='ocrx_word' id='word_1_413' title='bbox 819 3423 944 3480; x_wconf 89' lang='lat' dir='ltr'><strong>inchoant</strong></span> <span class='ocrx_word' id='word_1_414' title='bbox 951 3425 1117 3495; x_wconf 83' lang='lat' dir='ltr'><strong>vicissimque</strong></span> <span class='ocrx_word' id='word_1_415' title='bbox 1126 3427 1276 3480; x_wconf 83' lang='lat' dir='ltr'><strong>terminant:</strong></span> 
     </span>
     <span class='ocr_line' id='line_1_38' title="bbox 119 3509 1277 3568; baseline -0.001 -2"><span class='ocrx_word' id='word_1_416' title='bbox 119 3513 229 3566; x_wconf 85' lang='lat' dir='ltr'><strong>alteram</strong></span> <span class='ocrx_word' id='word_1_417' title='bbox 240 3513 302 3566; x_wconf 86' lang='lat' dir='ltr'><strong>anni</strong></span> <span class='ocrx_word' id='word_1_418' title='bbox 312 3512 440 3566; x_wconf 85' lang='lat' dir='ltr'><strong>rationem</strong></span> <span class='ocrx_word' id='word_1_419' title='bbox 451 3513 549 3568; x_wconf 74' lang='lat' dir='ltr'><strong>embra</strong></span> <span class='ocrx_word' id='word_1_420' title='bbox 560 3511 754 3566; x_wconf 85' lang='lat' dir='ltr'><strong>intercalatione</strong></span> <span class='ocrx_word' id='word_1_421' title='bbox 765 3511 878 3564; x_wconf 87' lang='lat' dir='ltr'><strong>solutam</strong></span> <span class='ocrx_word' id='word_1_422' title='bbox 890 3526 921 3564; x_wconf 87' lang='lat' dir='ltr'><strong>ac</strong></span> <span class='ocrx_word' id='word_1_423' title='bbox 931 3515 1059 3564; x_wconf 77' lang='lat' dir='ltr'><strong>retextum</strong></span> <span class='ocrx_word' id='word_1_424' title='bbox 1071 3527 1106 3564; x_wconf 85' lang='lat' dir='ltr'><strong>ex</strong></span> <span class='ocrx_word' id='word_1_425' title='bbox 1117 3511 1192 3564; x_wconf 88' lang='lat' dir='ltr'><strong>annis</strong></span> <span class='ocrx_word' id='word_1_426' title='bbox 1204 3509 1277 3566; x_wconf 79' lang='lat' dir='ltr'><strong>luria-</strong></span> 
     </span>
     <span class='ocr_line' id='line_1_39' title="bbox 120 3595 1276 3669; baseline 0.001 -19"><span class='ocrx_word' id='word_1_427' title='bbox 120 3599 191 3652; x_wconf 85' lang='lat' dir='ltr'><strong>ribus</strong></span> <span class='ocrx_word' id='word_1_428' title='bbox 206 3599 369 3668; x_wconf 81' lang='lat' dir='ltr'><strong>simplicibus</strong></span> <span class='ocrx_word' id='word_1_429' title='bbox 386 3599 532 3663; x_wconf 82' lang='lat' dir='ltr'><strong>constitnit,</strong></span> <span class='ocrx_word' id='word_1_430' title='bbox 550 3614 630 3669; x_wconf 84' lang='lat' dir='ltr'><strong>quam</strong></span> <span class='ocrx_word' id='word_1_431' title='bbox 645 3597 678 3650; x_wconf 91' lang='lat' dir='ltr'><strong>ab</strong></span> <span class='ocrx_word' id='word_1_432' title='bbox 695 3595 766 3650; x_wconf 88' lang='lat' dir='ltr'><strong>Indis</strong></span> <span class='ocrx_word' id='word_1_433' title='bbox 783 3597 845 3650; x_wconf 89' lang='lat' dir='ltr'><strong>olim</strong></span> <span class='ocrx_word' id='word_1_434' title='bbox 861 3601 1027 3666; x_wconf 89' lang='lat' dir='ltr'><strong>usurpatam,</strong></span> <span class='ocrx_word' id='word_1_435' title='bbox 1042 3600 1134 3667; x_wconf 86' lang='lat' dir='ltr'><strong>postea</strong></span> <span class='ocrx_word' id='word_1_436' title='bbox 1149 3597 1228 3650; x_wconf 87' lang='lat' dir='ltr'><strong>etium</strong></span> <span class='ocrx_word' id='word_1_437' title='bbox 1244 3597 1276 3651; x_wconf 85' lang='lat' dir='ltr'><strong>ab</strong></span> 
     </span>
     <span class='ocr_line' id='line_1_40' title="bbox 120 3680 1277 3754; baseline 0 -18"><span class='ocrx_word' id='word_1_438' title='bbox 120 3683 249 3738; x_wconf 72' lang='lat' dir='ltr'><strong>Arnbibue</strong></span> <span class='ocrx_word' id='word_1_439' title='bbox 263 3685 465 3754; x_wconf 87' lang='lat' dir='ltr'><strong>praesertimque</strong></span> <span class='ocrx_word' id='word_1_440' title='bbox 475 3681 673 3740; x_wconf 80' lang='lat' dir='ltr'><strong>Mahumedania</strong></span> <span class='ocrx_word' id='word_1_441' title='bbox 689 3681 770 3736; x_wconf 81' lang='lat' dir='ltr'><strong>docet.</strong></span> <span class='ocrx_word' id='word_1_442' title='bbox 805 3680 872 3736; x_wconf 87' lang='lat' dir='ltr'><strong>Nam</strong></span> <span class='ocrx_word' id='word_1_443' title='bbox 887 3682 932 3751; x_wconf 87' lang='lat' dir='ltr'><strong>qui</strong></span> <span class='ocrx_word' id='word_1_444' title='bbox 947 3682 980 3734; x_wconf 90' lang='lat' dir='ltr'><strong>ab</strong></span> <span class='ocrx_word' id='word_1_445' title='bbox 997 3681 1094 3752; x_wconf 80' lang='lat' dir='ltr'><strong>Hegira</strong></span> <span class='ocrx_word' id='word_1_446' title='bbox 1109 3687 1277 3736; x_wconf 86' lang='lat' dir='ltr'><strong>numerantur</strong></span> 
     </span>
     <span class='ocr_line' id='line_1_41' title="bbox 121 3767 1276 3838; baseline 0.001 -16"><span class='ocrx_word' id='word_1_447' title='bbox 121 3769 181 3822; x_wconf 88' lang='lat' dir='ltr'><strong>anni</strong></span> <span class='ocrx_word' id='word_1_448' title='bbox 195 3769 269 3822; x_wconf 92' lang='lat' dir='ltr'><strong>nullo</strong></span> <span class='ocrx_word' id='word_1_449' title='bbox 285 3769 487 3824; x_wconf 84' lang='lat' dir='ltr'><strong>intercalationis</strong></span> <span class='ocrx_word' id='word_1_450' title='bbox 498 3768 587 3822; x_wconf 77' lang='lat' dir='ltr'><strong>breno</strong></span> <span class='ocrx_word' id='word_1_451' title='bbox 605 3768 710 3822; x_wconf 76' lang='lat' dir='ltr'><strong>coerciti</strong></span> <span class='ocrx_word' id='word_1_452' title='bbox 720 3784 766 3838; x_wconf 90' lang='lat' dir='ltr'><strong>per</strong></span> <span class='ocrx_word' id='word_1_453' title='bbox 777 3767 905 3822; x_wconf 88' lang='lat' dir='ltr'><strong>lulianam</strong></span> <span class='ocrx_word' id='word_1_454' title='bbox 916 3767 1010 3820; x_wconf 88' lang='lat' dir='ltr'><strong>seriem</strong></span> <span class='ocrx_word' id='word_1_455' title='bbox 1023 3767 1128 3837; x_wconf 89' lang='lat' dir='ltr'><strong>impune</strong></span> <span class='ocrx_word' id='word_1_456' title='bbox 1140 3773 1276 3838; x_wconf 80' lang='lat' dir='ltr'><strong>regantur.</strong></span> 
     </span>
     <span class='ocr_line' id='line_1_42' title="bbox 122 3852 1276 3925; baseline -0.001 -18"><span class='ocrx_word' id='word_1_457' title='bbox 122 3853 193 3916; x_wconf 91' lang='lat' dir='ltr'><strong>Quod</strong></span> <span class='ocrx_word' id='word_1_458' title='bbox 204 3855 229 3908; x_wconf 88' lang='lat' dir='ltr'><strong>ai</strong></span> <span class='ocrx_word' id='word_1_459' title='bbox 240 3854 298 3924; x_wconf 85' lang='lat' dir='ltr'><strong>quis</strong></span> <span class='ocrx_word' id='word_1_460' title='bbox 310 3855 425 3925; x_wconf 83' lang='lat' dir='ltr'><strong>requirat</strong></span> <span class='ocrx_word' id='word_1_461' title='bbox 439 3854 508 3908; x_wconf 88' lang='lat' dir='ltr'><strong>uude</strong></span> <span class='ocrx_word' id='word_1_462' title='bbox 519 3853 652 3924; x_wconf 75' lang='lat' dir='ltr'><strong>Scaligero</strong></span> <span class='ocrx_word' id='word_1_463' title='bbox 670 3858 771 3908; x_wconf 86' lang='lat' dir='ltr'><strong>constet</strong></span> <span class='ocrx_word' id='word_1_464' title='bbox 781 3858 897 3907; x_wconf 86' lang='lat' dir='ltr'><strong>vetustos</strong></span> <span class='ocrx_word' id='word_1_465' title='bbox 908 3852 1006 3906; x_wconf 69' lang='lat' dir='ltr'><strong>Araba</strong></span> <span class='ocrx_word' id='word_1_466' title='bbox 1023 3852 1189 3906; x_wconf 80' lang='lat' dir='ltr'><strong>desultoriam</strong></span> <span class='ocrx_word' id='word_1_467' title='bbox 1204 3853 1276 3906; x_wconf 84' lang='lat' dir='ltr'><strong>illam</strong></span> 
     </span>
     <span class='ocr_line' id='line_1_43' title="bbox 122 3937 1275 4009; baseline -0.002 -17"><span class='ocrx_word' id='word_1_468' title='bbox 122 3939 289 3994; x_wconf 83' lang='lat' dir='ltr'><strong>intercalandi</strong></span> <span class='ocrx_word' id='word_1_469' title='bbox 299 3939 411 3994; x_wconf 80' lang='lat' dir='ltr'><strong>formam</strong></span> <span class='ocrx_word' id='word_1_470' title='bbox 423 3939 492 3992; x_wconf 81' lang='lat' dir='ltr'><strong>cirili</strong></span> <span class='ocrx_word' id='word_1_471' title='bbox 502 3939 653 4009; x_wconf 85' lang='lat' dir='ltr'><strong>praesertim</strong></span> <span class='ocrx_word' id='word_1_472' title='bbox 665 3955 715 3992; x_wconf 89' lang='lat' dir='ltr'><strong>nau</strong></span> <span class='ocrx_word' id='word_1_473' title='bbox 725 3939 852 4003; x_wconf 88' lang='lat' dir='ltr'><strong>tenuisse,</strong></span> <span class='ocrx_word' id='word_1_474' title='bbox 868 3944 914 3991; x_wconf 90' lang='lat' dir='ltr'><strong>aut</strong></span> <span class='ocrx_word' id='word_1_475' title='bbox 930 3937 1038 3992; x_wconf 89' lang='lat' dir='ltr'><strong>eandem</strong></span> <span class='ocrx_word' id='word_1_476' title='bbox 1053 3937 1162 3992; x_wconf 82' lang='lat' dir='ltr'><strong>subinde</strong></span> <span class='ocrx_word' id='word_1_477' title='bbox 1173 3943 1275 3992; x_wconf 80' lang='lat' dir='ltr'><strong>retexu-</strong></span> 
     </span>
     <span class='ocr_line' id='line_1_44' title="bbox 123 4021 1277 4095; baseline -0.002 -17"><span class='ocrx_word' id='word_1_478' title='bbox 123 4023 183 4089; x_wconf 87' lang='lat' dir='ltr'><strong>isse,</strong></span> <span class='ocrx_word' id='word_1_479' title='bbox 193 4039 225 4078; x_wconf 84' lang='lat' dir='ltr'><strong>ac</strong></span> <span class='ocrx_word' id='word_1_480' title='bbox 236 4041 307 4080; x_wconf 86' lang='lat' dir='ltr'><strong>mere</strong></span> <span class='ocrx_word' id='word_1_481' title='bbox 317 4026 436 4081; x_wconf 72' lang='lat' dir='ltr'><strong>mnarum</strong></span> <span class='ocrx_word' id='word_1_482' title='bbox 447 4023 615 4095; x_wconf 83' lang='lat' dir='ltr'><strong>praetulisse,</strong></span> <span class='ocrx_word' id='word_1_483' title='bbox 632 4041 665 4078; x_wconf 90' lang='lat' dir='ltr'><strong>ne</strong></span> <span class='ocrx_word' id='word_1_484' title='bbox 681 4038 763 4078; x_wconf 87' lang='lat' dir='ltr'><strong>unum</strong></span> <span class='ocrx_word' id='word_1_485' title='bbox 780 4023 884 4094; x_wconf 88' lang='lat' dir='ltr'><strong>quidem</strong></span> <span class='ocrx_word' id='word_1_486' title='bbox 895 4023 1047 4093; x_wconf 86' lang='lat' dir='ltr'><strong>scriptorem</strong></span> <span class='ocrx_word' id='word_1_487' title='bbox 1057 4021 1132 4076; x_wconf 82' lang='lat' dir='ltr'><strong>affert</strong></span> <span class='ocrx_word' id='word_1_488' title='bbox 1142 4023 1187 4092; x_wconf 89' lang='lat' dir='ltr'><strong>qni</strong></span> <span class='ocrx_word' id='word_1_489' title='bbox 1197 4023 1225 4076; x_wconf 92' lang='lat' dir='ltr'><strong>id</strong></span> <span class='ocrx_word' id='word_1_490' title='bbox 1236 4024 1277 4078; x_wconf 82' lang='lat' dir='ltr'><strong>rel</strong></span> 
     </span>
     <span class='ocr_line' id='line_1_45' title="bbox 123 4107 1376 4196; baseline 0.001 -33"><span class='ocrx_word' id='word_1_491' title='bbox 123 4109 250 4164; x_wconf 78' lang='lat' dir='ltr'><strong>letissime</strong></span> <span class='ocrx_word' id='word_1_492' title='bbox 260 4109 378 4166; x_wconf 81' lang='lat' dir='ltr'><strong>suadeat</strong></span> <span class='ocrx_word' id='word_1_493' title='bbox 401 4109 486 4174; x_wconf 83' lang='lat' dir='ltr'><strong>Quare</strong></span> <span class='ocrx_word' id='word_1_494' title='bbox 497 4108 558 4164; x_wconf 86' lang='lat' dir='ltr'><strong>dum</strong></span> <span class='ocrx_word' id='word_1_495' title='bbox 575 4108 699 4162; x_wconf 85' lang='lat' dir='ltr'><strong>oonfietae</strong></span> <span class='ocrx_word' id='word_1_496' title='bbox 713 4109 771 4162; x_wconf 89' lang='lat' dir='ltr'><strong>illas</strong></span> <span class='ocrx_word' id='word_1_497' title='bbox 782 4108 897 4162; x_wconf 81' lang='lat' dir='ltr'><strong>Arabum</strong></span> <span class='ocrx_word' id='word_1_498' title='bbox 909 4108 1027 4178; x_wconf 87' lang='lat' dir='ltr'><strong>periodos</strong></span> <span class='ocrx_word' id='word_1_499' title='bbox 1039 4107 1220 4178; x_wconf 88' lang='lat' dir='ltr'><strong>operosissime</strong></span> <span class='ocrx_word' id='word_1_500' title='bbox 1232 4109 1276 4164; x_wconf 87' lang='lat' dir='ltr'><strong>de·</strong></span> <span class='ocrx_word' id='word_1_501' title='bbox 1301 4155 1323 4196; x_wconf 46' lang='grc' dir='ltr'><strong>μ</strong></span> <span class='ocrx_word' id='word_1_502' title='bbox 1332 4145 1376 4187; x_wconf 43' lang='lat'><strong>¹34·</strong></span> 
     </span>
     <span class='ocr_line' id='line_1_46' title="bbox 125 4193 1274 4266; baseline 0.002 -20"><span class='ocrx_word' id='word_1_503' title='bbox 125 4197 221 4260; x_wconf 82' lang='lat' dir='ltr'><strong>scribit,</strong></span> <span class='ocrx_word' id='word_1_504' title='bbox 232 4193 282 4250; x_wconf 81' lang='lat' dir='ltr'><strong>hoc</strong></span> <span class='ocrx_word' id='word_1_505' title='bbox 293 4202 334 4250; x_wconf 84' lang='lat' dir='ltr'><strong>est</strong></span> <span class='ocrx_word' id='word_1_506' title='bbox 344 4195 446 4250; x_wconf 84' lang='lat' dir='ltr'><strong>somnia</strong></span> <span class='ocrx_word' id='word_1_507' title='bbox 458 4209 507 4250; x_wconf 88' lang='lat' dir='ltr'><strong>ena</strong></span> <span class='ocrx_word' id='word_1_508' title='bbox 516 4194 689 4266; x_wconf 85' lang='lat' dir='ltr'><strong>prosequitur,</strong></span> <span class='ocrx_word' id='word_1_509' title='bbox 706 4199 733 4248; x_wconf 89' lang='lat' dir='ltr'><strong>et</strong></span> <span class='ocrx_word' id='word_1_510' title='bbox 743 4209 791 4248; x_wconf 91' lang='lat' dir='ltr'><strong>sno</strong></span> <span class='ocrx_word' id='word_1_511' title='bbox 803 4199 829 4246; x_wconf 89' lang='lat' dir='ltr'><strong>et</strong></span> <span class='ocrx_word' id='word_1_512' title='bbox 839 4194 941 4247; x_wconf 89' lang='lat' dir='ltr'><strong>lectoris</strong></span> <span class='ocrx_word' id='word_1_513' title='bbox 954 4193 1006 4248; x_wconf 92' lang='lat' dir='ltr'><strong>otio</strong></span> <span class='ocrx_word' id='word_1_514' title='bbox 1019 4193 1218 4264; x_wconf 85' lang='lat' dir='ltr'><strong>intemperanter</strong></span> <span class='ocrx_word' id='word_1_515' title='bbox 1230 4195 1274 4248; x_wconf 87' lang='lat' dir='ltr'><strong>ab·</strong></span> 
     </span>
     <span class='ocr_line' id='line_1_47' title="bbox 126 4278 1273 4352; baseline 0.003 -22"><span class='ocrx_word' id='word_1_516' title='bbox 126 4279 208 4334; x_wconf 89' lang='lat' dir='ltr'><strong>utitur.</strong></span> <span class='ocrx_word' id='word_1_517' title='bbox 229 4279 284 4344; x_wconf 87' lang='lat' dir='ltr'><strong>Quo</strong></span> <span class='ocrx_word' id='word_1_518' title='bbox 297 4281 402 4352; x_wconf 87' lang='lat' dir='ltr'><strong>quidem</strong></span> <span class='ocrx_word' id='word_1_519' title='bbox 413 4281 441 4334; x_wconf 88' lang='lat' dir='ltr'><strong>iu</strong></span> <span class='ocrx_word' id='word_1_520' title='bbox 452 4279 558 4350; x_wconf 80' lang='lat' dir='ltr'><strong>negon&#39;o</strong></span> <span class='ocrx_word' id='word_1_521' title='bbox 569 4285 610 4334; x_wconf 89' lang='lat' dir='ltr'><strong>est</strong></span> <span class='ocrx_word' id='word_1_522' title='bbox 620 4279 684 4334; x_wconf 93' lang='lat' dir='ltr'><strong>illud</strong></span> <span class='ocrx_word' id='word_1_523' title='bbox 695 4295 759 4334; x_wconf 88' lang='lat' dir='ltr'><strong>sane</strong></span> <span class='ocrx_word' id='word_1_524' title='bbox 770 4278 924 4344; x_wconf 85' lang='lat' dir='ltr'><strong>iucundum,</strong></span> <span class='ocrx_word' id='word_1_525' title='bbox 938 4278 1006 4349; x_wconf 85' lang='lat' dir='ltr'><strong>quod</strong></span> <span class='ocrx_word' id='word_1_526' title='bbox 1018 4278 1126 4332; x_wconf 85' lang='lat' dir='ltr'><strong>eandem</strong></span> <span class='ocrx_word' id='word_1_527' title='bbox 1136 4279 1208 4334; x_wconf 87' lang='lat' dir='ltr'><strong>illem</strong></span> <span class='ocrx_word' id='word_1_528' title='bbox 1219 4297 1273 4350; x_wconf 90' lang='lat' dir='ltr'><strong>per.</strong></span> 
     </span>
     <span class='ocr_line' id='line_1_48' title="bbox 126 4363 1273 4433; baseline 0.002 -15"><span class='ocrx_word' id='word_1_529' title='bbox 126 4380 188 4433; x_wconf 87' lang='lat' dir='ltr'><strong>quae</strong></span> <span class='ocrx_word' id='word_1_530' title='bbox 198 4381 233 4420; x_wconf 86' lang='lat' dir='ltr'><strong>ex</strong></span> <span class='ocrx_word' id='word_1_531' title='bbox 246 4379 365 4422; x_wconf 76' lang='lat' dir='ltr'><strong>ocurrer</strong></span> <span class='ocrx_word' id='word_1_532' title='bbox 376 4365 483 4420; x_wconf 86' lang='lat' dir='ltr'><strong>Iulianis</strong></span> <span class='ocrx_word' id='word_1_533' title='bbox 496 4363 713 4430; x_wconf 65' lang='lat' dir='ltr'><strong>enumerabat:</strong></span> <span class='ocrx_word' id='word_1_534' title='bbox 725 4380 797 4429; x_wconf 82' lang='lat' dir='ltr'><strong>vero,</strong></span> <span class='ocrx_word' id='word_1_535' title='bbox 810 4364 850 4416; x_wconf 85' lang='lat' dir='ltr'><strong>sel</strong></span> <span class='ocrx_word' id='word_1_536' title='bbox 863 4363 967 4430; x_wconf 89' lang='lat' dir='ltr'><strong>solutis,</strong></span> <span class='ocrx_word' id='word_1_537' title='bbox 980 4379 1086 4418; x_wconf 82' lang='lat' dir='ltr'><strong>ccxxxv</strong></span> <span class='ocrx_word' id='word_1_538' title='bbox 1097 4370 1211 4430; x_wconf 87' lang='lat' dir='ltr'><strong>constat,</strong></span> <span class='ocrx_word' id='word_1_539' title='bbox 1228 4366 1273 4420; x_wconf 90' lang='lat' dir='ltr'><strong>ali·</strong></span> 
     </span>
     <span class='ocr_line' id='line_1_49' title="bbox 126 4447 1274 4521; baseline 0.003 -20"><span class='ocrx_word' id='word_1_540' title='bbox 126 4451 181 4504; x_wconf 92' lang='lat' dir='ltr'><strong>cnbi</strong></span> <span class='ocrx_word' id='word_1_541' title='bbox 192 4453 369 4521; x_wconf 55' lang='lat' dir='ltr'><strong>amomacum</strong></span> <span class='ocrx_word' id='word_1_542' title='bbox 380 4467 398 4505; x_wconf 93' lang='lat' dir='ltr'><strong>a</strong></span> <span class='ocrx_word' id='word_1_543' title='bbox 408 4467 436 4504; x_wconf 88' lang='lat' dir='ltr'><strong>ee</strong></span> <span class='ocrx_word' id='word_1_544' title='bbox 448 4451 529 4517; x_wconf 87' lang='lat' dir='ltr'><strong>dicat,</strong></span> <span class='ocrx_word' id='word_1_545' title='bbox 540 4451 603 4506; x_wconf 88' lang='lat' dir='ltr'><strong>alibi</strong></span> <span class='ocrx_word' id='word_1_546' title='bbox 610 4467 671 4504; x_wconf 84' lang='lat' dir='ltr'><strong>sero</strong></span> <span class='ocrx_word' id='word_1_547' title='bbox 682 4450 715 4504; x_wconf 88' lang='lat' dir='ltr'><strong>ab</strong></span> <span class='ocrx_word' id='word_1_548' title='bbox 723 4448 852 4504; x_wconf 84' lang='lat' dir='ltr'><strong>Arabibue</strong></span> <span class='ocrx_word' id='word_1_549' title='bbox 864 4454 890 4502; x_wconf 90' lang='lat' dir='ltr'><strong>et</strong></span> <span class='ocrx_word' id='word_1_550' title='bbox 897 4447 1040 4520; x_wconf 76' lang='lat' dir='ltr'><strong>Hagarenia</strong></span> <span class='ocrx_word' id='word_1_551' title='bbox 1052 4449 1084 4504; x_wconf 88' lang='lat' dir='ltr'><strong>ab</strong></span> <span class='ocrx_word' id='word_1_552' title='bbox 1093 4449 1170 4519; x_wconf 40' lang='lat' dir='ltr'><strong>,initio</strong></span> <span class='ocrx_word' id='word_1_553' title='bbox 1181 4450 1274 4504; x_wconf 82' lang='lat' dir='ltr'><strong>Iuliani</strong></span> 
     </span>
     <span class='ocr_line' id='line_1_50' title="bbox 127 4533 1272 4611; baseline 0 -21"><span class='ocrx_word' id='word_1_554' title='bbox 127 4537 184 4592; x_wconf 86' lang='lat' dir='ltr'><strong>sani</strong></span> <span class='ocrx_word' id='word_1_555' title='bbox 197 4542 326 4611; x_wconf 79' lang='lat' dir='ltr'><strong>repertam</strong></span> <span class='ocrx_word' id='word_1_556' title='bbox 342 4541 368 4594; x_wconf 83' lang='lat' dir='ltr'><strong>et</strong></span> <span class='ocrx_word' id='word_1_557' title='bbox 383 4537 529 4595; x_wconf 82' lang='lat' dir='ltr'><strong>institutam</strong></span> <span class='ocrx_word' id='word_1_558' title='bbox 540 4535 689 4607; x_wconf 80' lang='lat' dir='ltr'><strong>imprudens</strong></span> <span class='ocrx_word' id='word_1_559' title='bbox 701 4539 807 4590; x_wconf 86' lang='lat' dir='ltr'><strong>asserat.</strong></span> <span class='ocrx_word' id='word_1_560' title='bbox 829 4533 933 4592; x_wconf 74' lang='lat' dir='ltr'><strong>Etenim</strong></span> <span class='ocrx_word' id='word_1_561' title='bbox 942 4534 961 4591; x_wconf 92' lang='lat' dir='ltr'><strong>l.</strong></span> <span class='ocrx_word' id='word_1_562' title='bbox 971 4551 1000 4592; x_wconf 90' lang='lat' dir='ltr'><strong>u.</strong></span> <span class='ocrx_word' id='word_1_563' title='bbox 1012 4533 1043 4590; x_wconf 92' lang='lat' dir='ltr'><strong>de</strong></span> <span class='ocrx_word' id='word_1_564' title='bbox 1054 4533 1160 4594; x_wconf 78' lang='lat' dir='ltr'><strong>Emeod.</strong></span> <span class='ocrx_word' id='word_1_565' title='bbox 1172 4553 1197 4610; x_wconf 91' lang='lat' dir='ltr'><strong>p.</strong></span> <span class='ocrx_word' id='word_1_566' title='bbox 1209 4535 1272 4602; x_wconf 79' lang='lat'><strong>134,</strong></span> 
     </span>
    </p>
   </div>
   <div class='ocr_carea' id='block_1_4' title="bbox 0 0 1610 5158">
    <p class='ocr_par' dir='ltr' id='par_1_8' title="bbox 0 0 1610 5158">
     <span class='ocr_line' id='line_1_51' title="bbox 0 0 1610 5158; baseline 0 0"><span class='ocrx_word' id='word_1_567' title='bbox 0 0 1610 5158; x_wconf 95' lang='lat' dir='ltr'><strong> </strong></span> 
     </span>
    </p>
   </div>
  </div>
 </body>
</html>
