3216 5152
331 373 390 438 HV

331 530 473 586 laestinarn
484 530 632 600 tenderent,
647 532 706 586 ideo
718 534 749 586 de
765 541 836 586 terro
849 532 927 586 Oetim
943 549 1066 602 epreerum
1083 531 1134 586 dici
1149 531 1175 585 in
1188 531 1207 586 l.
1218 532 1301 585 Mace.
1311 529 1489 596 Alexandrum,

333 616 430 687 quode
442 615 545 682 Gilicia,
557 619 603 671 ubi
615 623 641 672 et
652 618 760 672 Darium
771 618 847 683 vicii,
859 619 887 674 in
898 617 1002 688 Syriam
1013 618 1157 670 exercitum
1169 616 1293 670 duxisset.
1311 616 1353 670 Ad
1363 613 1426 670 haec
1436 633 1491 670 cunr

333 701 427 756 (littaei
442 703 479 756 illi
496 704 598 774 proprie
611 703 672 758 dieti
687 720 718 758 ae
729 704 808 758 ricini
825 703 1022 758 occidentalium
1039 708 1127 756 essent
1143 703 1258 757 omnium
1269 701 1345 772 Syris
1360 701 1490 766 notissimi,

332 787 391 842 fieri
401 793 487 858 potest
503 795 533 842 ut
548 787 597 842 hoc
611 791 698 860 ipsum
711 789 878 844 Oittieoorum
890 805 985 842 nomen
995 789 1124 858 plerisque
1136 789 1193 842 aliie
1207 787 1332 842 Graeciae
1341 786 1443 858 populis
1454 803 1491 840 ae·

332 874 563 930 commodaverint.
590 874 814 939 Quemadmodum
830 874 953 929 indorum
968 874 1107 945 appellatio
1123 873 1295 928 amatoribus
1306 873 1404 926 nostris
1414 871 1447 925 ad
1456 888 1491 926 re·

331 965 419 1014 motos
432 977 524 1014 omnes
535 961 568 1014 ab
581 963 643 1015 orbe
655 967 743 1016 nostro
755 962 866 1032 populos
877 967 917 1014 eet
928 960 1061 1016 banslutc.

401 1045 432 1098 Ti
444 1044 577 1117 ἐταχύνετο
589 1047 715 1117 σήμερον.]
732 1045 815 1100 Εττοτί.
825 1064 853 1100 rr.
866 1063 959 1100 comm.
967 1044 1010 1098 18:
1029 1043 1059 1096 Ti
1071 1043 1108 1096 άττ
1119 1042 1252 1116 ἐταχάνατε
1263 1048 1309 1098 τοῦ
1321 1044 1492 1116 παραγενέσθαι

332 1133 452 1203 εήρερονς
469 1132 546 1202 Apud
563 1131 737 1204 Epiphaninm
748 1133 855 1186 reculae
871 1132 938 1186 istae
954 1128 991 1183 ἐπ’
1004 1128 1077 1182 ebrie
1094 1130 1259 1185 commodum
1273 1131 1378 1185 nullum
1392 1145 1492 1184 mosum

331 1217 443 1272 reddunt
453 1219 506 1270 nisi
516 1215 540 1278 ἐς
553 1217 627 1270 atrio
638 1215 730 1288 ἔφασαν
740 1218 890 1272 substituas.

401 1301 433 1356 N.
445 1320 517 1356 xxvr.
535 1301 647 1374 Καθάπερ
659 1303 760 1374 χαλινὸς
778 1307 837 1372 etc]
864 1303 966 1357 Leviter
983 1301 1136 1374 depravatus
1152 1301 1195 1357 hio
1209 1304 1283 1357 locus
1301 1308 1350 1356 est.
1379 1301 1493 1356 Fortasse

331 1388 384 1458 leg.
397 1394 439 1441 est
448 1385 550 1457 ὡρίσθη.

401 1472 433 1527 N.
447 1491 529 1528 xxvrr.
546 1471 628 1544 Ὅπερ
641 1471 685 1544 ἔφη
697 1473 713 1542 ἦ
726 1474 869 1544 Σεπφώρα]
896 1473 1006 1528 Mirifice
1017 1481 1057 1528 cst
1067 1473 1117 1526 loci
1128 1473 1203 1527 iatius
1215 1473 1408 1545 interpretatio,
1420 1489 1494 1543 qnam

332 1556 494 1630 Epiphanius
505 1557 593 1624 effert,
606 1575 672 1630 quae
684 1577 717 1614 ex
727 1578 810 1614 uxrr.
823 1561 932 1614 lectione
944 1559 1049 1630 petitur.
1065 1559 1133 1614 Nam
1141 1559 1251 1612 Hebraei
1262 1565 1288 1612 et
1299 1559 1388 1614 Latini
1398 1557 1493 1612 codices

332 1644 444 1714 Sponsor
459 1650 610 1714 sanquinem
626 1655 652 1700 tu
664 1646 727 1698 mili
738 1663 775 1710 ee,
791 1647 824 1700 ob
836 1645 1071 1710 circumcisionem,
1088 1643 1190 1698 habent.
1212 1663 1274 1698 nu.
1285 1661 1348 1700 vero
1360 1645 1437 1715 longe
1447 1643 1493 1698 alia

333 1729 507 1784 reddiderunt.

401 1812 460 1868 Ὀτι
473 1813 614 1882 θελήσουσιν
627 1814 647 1868 εί
658 1814 790 1886 ἐγένοντο]
814 1816 905 1888 Neque
916 1815 958 1870 hic
970 1832 1029 1870 cnm
1042 1815 1159 1870 Hebraeo
1176 1832 1238 1868 nra.
1248 1817 1424 1870 consentiunt
1436 1814 1492 1868 Vul·
1584 1817 1587 1828 '

333 1907 397 1972 gete
408 1907 510 1956 nostra:
522 1901 560 1954 Et
569 1906 738 1956 coementum
751 1905 848 1954 νπίοτνπ
859 1906 983 1970 caupolus
994 1905 1044 1953 erit
1053 1905 1081 1952 io
1093 1901 1294 1966 combustionem,
1307 1911 1333 1955 et
1344 1901 1415 1956 cibus
1424 1904 1492 1972 ν’ρντίπ

332 1987 383 2042 Pro
395 2003 447 2057 quo
460 1986 554 2042 Graeci
564 1986 605 2040 aul
617 1986 758 2054 δελήσονσιν
771 1980 830 2039 είνατ
841 1987 1006 2057 πυρίκαυστοτ.

400 2071 432 2128 Ν.
443 2090 537 2127 xxvrrr.
549 2069 653 2126 Ἔπειτα
661 2073 702 2124 ἵνα
715 2072 793 2144 δείξῃ,
805 2070 839 2133 ὡς
852 2072 896 2124 οὐκ
909 2067 937 2138 νίν
950 2069 1101 2142 άμοοάσιον]
1119 2073 1275 2142 Apollinaris
1287 2087 1397 2127 currem
1406 2070 1492 2126 clrbti

333 2160 367 2213 ab
384 2163 488 2212 eetetuo
504 2159 598 2225 inisse,
618 2177 667 2212 nec
688 2176 722 2211 ex
738 2159 839 2228 uirgine
854 2163 944 2212 natam
960 2157 1070 2210 aeseroit
1087 2157 1491 2228 Gregor.Naaiena.0ratxr.r1:

334 2243 520 2314 Διαβεβαιοῦτατ
535 2242 583 2315 γάρ
601 2243 634 2315 μὴ
650 2242 778 2310 ἐπίκτητον
796 2237 855 2298 είνατ
872 2242 914 2310 τὴν
927 2240 1006 2314 σάρκα
1017 2243 1070 2295 κατ’
1083 2240 1222 2313 οἰκονομίαν
1234 2241 1281 2295 ὑπὸ
1294 2249 1341 2296 τοῦ
1354 2247 1491 2315 μονογενοῦς

333 2327 386 2382 eloe
401 2329 596 2401 προςληφδείααν
613 2327 651 2382 ίπί
667 2328 873 2400 μετοσταχετώσετ
891 2332 932 2397 τῆς
949 2329 1044 2400 φάσεως
1059 2328 1139 2399 ἡμῶν,
1155 2325 1211 2380 ἀλλ’
1223 2326 1248 2390 ἐξ
1264 2327 1342 2401 ἀρχῆς
1359 2327 1384 2382 te
1400 2335 1436 2400 τῷ
1451 2327 1490 2400 υίῷ

333 2413 377 2483 τὴν
389 2413 505 2484 σαρκώδη
518 2412 607 2482 ίκείνην
620 2415 690 2485 φύσιν
703 2408 762 2467 εἶναι
773 2419 822 2468 etc.

400 2497 465 2569 Λάβε
478 2518 517 2552 σοι
529 2501 605 2571 τόμον
616 2497 730 2571 χόρτον]
755 2500 814 2554 Vox
826 2497 920 2571 χάρτου
937 2500 1011 2554 abest
1027 2516 1043 2552 a
1058 2500 1164 2570 vulgatu
1180 2517 1242 2556 nu.
1260 2501 1432 2572 interpretum
1445 2499 1491 2554 edi-

334 2585 418 2650 tione,
440 2585 485 2638 sed
502 2586 529 2638 in
541 2587 600 2639 aliis
613 2587 687 2651 olim,
700 2591 730 2638 ut
740 2590 859 2656 apparet,
870 2586 946 2639 lecta.
968 2585 1082 2640 Basilina
1093 2591 1180 2639 autem
1192 2587 1269 2656 τόμον
1282 2591 1368 2640 καινοῦ
1381 2585 1490 2658 μεγάλαν.

400 2669 433 2726 N.
445 2689 518 2726 mr.
537 2671 572 2724 Tb
584 2668 765 2743 άκατέργαστον
778 2669 825 2740 γάρ
837 2670 941 2741 pcipi]
959 2673 1055 2726 Mirum
1066 2673 1134 2726 unde
1143 2671 1210 2725 hauc
1218 2673 1363 2726 liebraicse
1371 2673 1441 2728 eoois
1452 2688 1491 2726 no·

333 2756 431 2812 uorem
441 2759 577 2827 acceperit
595 2725 677 2828 nhil
689 2757 822 2826 magistris
835 2761 875 2810 est
886 2765 972 2820 sue:
985 2729 1048 2830 ethi
1061 2763 1198 2820 uenturis
1214 2728 1260 2829 hs
1273 2765 1312 2818 'rs
1330 2762 1414 2850 pertis
1431 2765 1491 2846 spii.

334 2849 363 2898 ut
373 2843 411 2897 ait
421 2842 564 2898 Kimchius.
581 2844 646 2896 item
658 2859 703 2896 ves
714 2842 831 2898 nondum
842 2842 992 2913 perlectum.
1010 2843 1083 2896 Unde
1094 2848 1120 2896 ot
1130 2859 1176 2914 per
1187 2843 1386 2897 benslationem
1399 2849 1491 2907 ωιτη

334 2932 441 2992 i'tffii'l
459 2933 539 3016 Phth}
557 2933 639 3022 ΡἿΠ.
668 2929 748 2982 Homo
759 2933 903 2998 sapientiae
914 2932 1001 2982 iuncte
1012 2933 1151 2999 ocsutrros.
1176 2928 1262 2982 Radix
1278 2929 1338 3000 ipss
1353 2931 1491 3001 glomerate

333 3019 360 3070 et
370 3015 397 3068 in
409 3031 526 3069 messam
536 3015 652 3085 redigere
670 3013 809 3084 significat.
835 3012 892 3077 Quo
908 3017 1027 3075 seusun
1052 3021 1085 3074 ut
1099 3030 1146 3085 pro
1164 3032 1250 3068 mmo
1266 3017 1414 3082 incondito,
1430 3014 1491 3070 unde

332 3101 415 3156 latins
425 3116 478 3155 vox
489 3103 593 3170 plumos.
619 3099 670 3154 Sed
682 3117 729 3170 pro
741 3100 842 3170 χόνδρῳ
853 3104 933 3169 atque
945 3100 1026 3153 alicae
1037 3100 1170 3154 eimiloeve
1182 3115 1264 3170 graue
1276 3117 1414 3171 nunquam
1424 3101 1480 3171 legi

244 3289 306 3346 ptr.
332 3272 454 3344 equidem
471 3273 567 3326 nescio.
595 3271 723 3326 Eusebius
740 3286 801 3324 vero
820 3271 853 3324 ab
870 3285 940 3324 anno
957 3269 1043 3323 Achra
1060 3287 1111 3336 rr.,
1129 3271 1156 3324 in
1174 3287 1251 3341 quem
1262 3272 1417 3326 vaticinium
1433 3271 1489 3326 illud

332 3357 439 3413 coniicit
448 3355 550 3423 Noster,
567 3358 601 3411 ad
616 3357 730 3410 natalem
742 3355 838 3410 Christi
848 3372 931 3410 annos
943 3355 1044 3425 colligit
1054 3371 1209 3410 roccxnvnr.
1234 3355 1303 3410 Nem
1313 3375 1401 3412 nonus
1412 3355 1488 3412 Achae

333 3443 488 3498 adscribitur
505 3458 574 3497 anuo
592 3457 699 3499 crocco.
716 3459 791 3497 arur.
820 3440 921 3495 Natalis
939 3440 1034 3495 Christi
1051 3455 1095 3498 oro
1113 3456 1158 3498 cro
1175 3459 1219 3497 xv.
1250 3443 1417 3499 intervallum
1433 3443 1488 3500 auci

333 3544 490 3586 roccxnvrrr.

400 3611 455 3666 Ἵνα
467 3613 529 3684 δείξῃ
542 3611 585 3682 τὴν
596 3612 713 3684 Μαρίαν]
738 3613 848 3668 Hebraei
861 3612 982 3682 quidam,
993 3617 1086 3682 utputa
1097 3611 1170 3666 Aban
1181 3613 1246 3668 Esus
1257 3619 1283 3668 st
1292 3613 1379 3670 David
1389 3613 1488 3671 Kimin

331 3701 402 3756 hunc
412 3701 513 3764 locum,
530 3698 719 3771 prophetissam
734 3699 805 3752 illum
817 3698 910 3752 Esaiae
924 3714 1032 3752 uxorem
1047 3699 1254 3768 interpretantur,
1272 3701 1422 3772 quaequod
1435 3716 1487 3772 pro·

332 3786 528 3860 phetemvirum
539 3783 667 3850 habuerit,
678 3783 840 3854 prophetissa
848 3788 1019 3853 nuncupetur.
1036 3783 1139 3837 Hieron.
1148 3785 1242 3854 partim
1250 3801 1297 3856 per
1306 3785 1487 3858 prophetissam

333 3873 460 3944 Spiritum
476 3875 610 3935 sanetum,
626 3870 722 3939 partim
739 3867 770 3924 B.
782 3869 916 3939 Virginem
933 3869 1068 3940 intelligit,
1086 3869 1155 3940 quod
1171 3875 1197 3922 et
1212 3869 1327 3926 Basilius
1343 3873 1436 3943 aliique
1451 3887 1486 3924 ae

352 3965 456 4014 uuutnr.

334 3973 351 4030 q
401 4044 446 4114 Τῷ
458 4041 506 4114 γάρ
518 4039 597 4112 deiru»
610 4037 674 4108 ἔτετ]
695 4040 779 4095 Multa
790 4039 839 4094 hoc
851 4041 909 4093 loeo
921 4040 1044 4094 sdversue
1056 4041 1219 4094 strationem
1230 4045 1378 4112 temporum
1389 4050 1415 4096 et
1425 4041 1486 4095 Seri·

332 4135 437 4202 pteram
454 4129 595 4182 commissa
612 4131 686 4192 eunt,
703 4127 757 4180 sive
774 4126 937 4180 librariorum
954 4127 1030 4191 vitio,
1050 4127 1104 4180 sivo
1121 4132 1211 4180 autore
1228 4127 1285 4197 ipso
1302 4127 1374 4181 aliud
1390 4131 1484 4198 agente.

333 4214 416 4268 Isaiae
426 4213 577 4268 vaticinium
589 4211 652 4266 illud
664 4227 732 4266 enno
745 4229 780 4268 rx.
792 4210 878 4265 Achae
890 4211 987 4266 editum
997 4211 1079 4266 tuisse
1091 4217 1173 4282 putet.
1191 4212 1309 4266 Eundem
1320 4229 1399 4284 porro
1409 4227 1484 4268 annos

334 4315 458 4370 regnasse
470 4315 524 4365 arv,
540 4314 571 4354 se
586 4303 643 4352 turn
657 4297 808 4364 Ezechiam,
826 4313 886 4350 eum
900 4296 981 4350 isaias
992 4297 1146 4352 vaticinatus
1158 4305 1209 4363 est,
1225 4314 1308 4353 annos
1320 4317 1348 4352 rr
1359 4297 1482 4352 habuisse.

335 4384 410 4450 Quod
421 4386 445 4439 ri
454 4401 545 4440 verum
556 4389 608 4449 est,
623 4384 751 4438 bimulum
761 4383 843 4438 tuisse
855 4387 957 4453 oportet
967 4380 1118 4448 Ezechiam,
1135 4399 1195 4437 oum
1205 4389 1279 4454 pater
1289 4385 1370 4455 ipsius
1382 4399 1482 4454 rognum

335 4471 428 4540 coepit.
454 4471 534 4541 Atqui
549 4475 579 4525 ut
595 4470 618 4522 is
634 4487 680 4523 xrv
696 4468 822 4530 duntaxat
838 4484 920 4522 annos
936 4469 1095 4538 regnaverit,
1111 4485 1164 4522 non
1180 4471 1239 4540 plus
1250 4487 1296 4523 ττι
1312 4471 1387 4524 annis
1400 4467 1483 4522 habuit

334 4553 471 4620 Ezechias,
488 4571 566 4626 quern
576 4561 665 4609 tamen
676 4572 711 4609 xx
723 4558 921 4623 mnoeuctum,
937 4569 996 4608 cum
1007 4567 1117 4622 regnare
1129 4555 1224 4625 coepit,
1240 4553 1322 4609 inisse
1338 4554 1413 4626 paulo
1428 4555 1481 4623 poet

336 4639 435 4696 scribit.
458 4639 560 4696 ilevera
574 4645 662 4697 auum
673 4655 726 4695 axv
740 4637 845 4704 habuit;
861 4655 896 4694 rr.
912 4637 978 4709 δερ.
990 4655 1071 4708 arm,
1088 4643 1114 4694 et
1130 4657 1158 4696 rr.
1175 4639 1233 4696 Par.
1246 4657 1320 4696 mx.
1344 4639 1426 4707 Quare
1438 4653 1480 4710 pc-
