3200 5158
1121 303 1264 360 LXXXIX

103 477 191 518 meme
208 462 270 516 anat
286 461 425 532 superioris
440 458 598 514 inchoatum.
624 458 718 530 Coapit
732 459 802 512 onim
813 457 1263 515 Xat.lsnuar.anni1nlisuinxxrv.

102 549 134 602 lt
144 547 271 602 Vinnoius
289 553 315 600 et
332 545 437 600 Cassius
454 561 521 600 coss.
539 545 657 600 incidunt
672 547 700 598 in
717 544 847 598 lulianum
861 561 952 610 mn,
969 543 1066 598 'liborii
1082 562 1136 600 ιιι.
1154 545 1208 598 iam
1223 545 1264 598 in·

101 633 231 688 ehoatum.

165 719 204 772 Ao
216 718 249 772 de
261 717 369 772 Viuuoio
382 723 407 771 et
419 717 508 772 Cassio
520 721 652 788 postrema
663 722 780 788 superest
791 715 996 787 difficillimeque
1007 716 1138 786 quaestio,
1151 715 1264 770 iidemns

100 805 136 858 illi
144 805 199 858 sint
207 821 274 874 quos
283 803 390 858 Tacitus
399 803 489 856 scribit
496 803 513 856 1.
520 821 555 858 ιι.
566 803 633 854 Anu.
641 817 800 873 progeneroe
810 801 937 856 a'l'iberio
947 802 1049 866 ascitos,
1062 817 1085 856 a.
1093 791 1263 866 nocimn„

100 888 153 944 Ser.
169 888 256 944 Galba
267 896 293 943 at
304 889 333 944 h.
346 888 419 942 Sulla
431 904 498 942 cose.
522 887 590 942 Nam
605 887 634 940 L.
647 887 737 941 Cassio
749 887 904 952 Drusillam,
920 887 957 941 hl.
963 887 1064 942 Vinicio
1076 885 1182 952 Iuliam,
1200 885 1263 941 Ger·

100 975 195 1028 manici
205 974 289 1040 filias,
302 975 442 1030 collocatas
453 989 511 1028 esse
522 979 619 1027 narrat.
649 973 762 1037 Vinicio,
774 974 870 1044 inquit,
883 975 1039 1044 oppidanum
1049 990 1135 1041 penu.
1159 973 1264 1026 Calibus

99 1070 179 1124 ortas,
196 1069 274 1131 patre
290 1071 363 1130 atque
381 1079 429 1112 oco
441 1060 629 1122 consularibus,
646 1067 751 1112 coetero
762 1063 871 1128 equestri
874 1059 983 1127 familia
995 1067 1064 1122 erat,
1081 1061 1149 1112 orias
1163 1063 1264 1128 ingenie

100 1155 123 1198 et
132 1148 407 1217 comptacsacandiae.
432 1145 536 1198 Cassius
545 1145 628 1214 plebei
638 1145 734 1198 Rornae
748 1149 861 1214 pencris,
877 1161 962 1197 namna
979 1147 1078 1213 antiqui
1091 1143 1263 1216 honoratique,

100 1241 121 1284 et
131 1247 224 1283 seona
231 1236 320 1301 patria
332 1233 472 1301 disciplina
484 1232 601 1295 ednotus,
610 1231 745 1300 facilitate
762 1234 865 1300 saepius
881 1247 954 1298 poam
966 1231 1095 1282 industria
1106 1232 1263 1284 commenda·

100 1316 180 1368 lotar.
199 1317 264 1370 Mox
277 1315 382 1370 eosdem
393 1317 499 1368 iuvenes
511 1315 631 1386 appellat.
650 1314 719 1368 Saue
731 1315 790 1367 illos
801 1315 873 1384 ipsos
885 1331 944 1368 esse
956 1315 1001 1384 qui
1012 1329 1079 1370 coes.
1092 1316 1174 1368 tribus
1186 1317 1262 1369 anuis

99 1407 156 1454 aute
168 1401 287 1466 fuerant,
299 1401 409 1454 suadent
419 1402 476 1471 ipss
487 1402 599 1471 primum
610 1401 731 1464 nomina;
748 1401 796 1452 etsi
809 1399 892 1452 Cassii
904 1415 1061 1470 praenomen
1073 1400 1141 1470 apud
1152 1399 1263 1454 Dianam

100 1486 132 1538 sit
141 1485 235 1550 Caius,
248 1503 300 1540 nou
314 1487 418 1540 lacios:
429 1486 560 1556 quomodo
572 1485 651 1538 otiam
663 1485 833 1556 aPomponio
844 1486 890 1540 lib.
903 1485 935 1538 de
947 1484 1018 1554 Orig.
1030 1483 1097 1538 iuris
1109 1486 1262 1556 appellatur,

99 1572 141 1640 qui
158 1577 184 1624 et
201 1572 415 1625 iurisconsultum
433 1571 505 1624 illum
524 1569 552 1625 0.
565 1570 684 1624 Cassium
700 1571 850 1641 Longinum
867 1587 926 1624 cum
943 1569 992 1624 hoc
1009 1575 1099 1624 nostro
1119 1571 1263 1636 contundit,

99 1657 224 1726 probante
237 1655 411 1728 Cuspiniano,
427 1657 584 1710 reclamante
599 1671 661 1710 voro
678 1655 773 1727 Lipsio.
797 1655 836 1708 sd
851 1655 914 1709 haec
927 1655 1066 1710 Suetonius
1083 1657 1110 1710 iu
1122 1655 1184 1710 Caio
1196 1657 1262 1710 Dru·

100 1741 182 1795 sillam
198 1741 229 1796 L.
240 1741 330 1796 Cassio
341 1742 460 1812 Longino
472 1742 591 1812 nupsisse
603 1741 722 1812 prodidit.
744 1736 816 1805 Quas
829 1742 862 1794 ob
874 1755 979 1794 caussas
991 1757 1068 1796 namo
1080 1740 1204 1798 maternus
1216 1744 1262 1796 du·

101 1827 190 1880 bitanit
205 1829 271 1898 quin
287 1829 365 1881 ambo
382 1829 419 1880 illi
432 1825 580 1882 Germanioi
596 1827 685 1896 generi
702 1827 1129 1882 oose.tnerintanniuccnxxm1.
1160 1829 1261 1882 Primus

99 1911 224 1983 Xeplerus
236 1913 263 1966 in
275 1913 380 1984 Bologis
392 1913 541 1967 addubitare
553 1913 651 1982 coepit,
667 1918 694 1965 st
710 1911 814 1982 quidem
828 1913 892 1965 iure.
918 1911 1055 1982 Numquis
1066 1918 1140 1983 putet
1150 1921 1262 1984 praeter·

99 1999 241 2052 missurum
251 1997 316 2052 haec
324 1998 457 2063 Tacitum,
470 2015 529 2052 cum
540 1999 675 2068 utriusque
687 2003 840 2052 ornamenta
850 2002 1012 2052 recenserat?
1029 1999 1109 2068 Atqui
1120 1997 1151 2051 de
1161 2000 1261 2054 Vinicio

100 2099 178 2137 uuum
189 2081 240 2137 hoc
253 2085 352 2150 retulit,
363 2090 435 2154 patre
447 2090 525 2154 utque
537 2101 585 2136 ano
598 2083 777 2137 consularibus
788 2082 924 2136 oriundum
936 2083 1026 2138 inisse.
1043 2083 1082 2136 Do
1091 2083 1180 2138 Cassio
1192 2101 1262 2152 vero,

99 2169 281 2238 plebsiiluisse
290 2170 402 2240 generis.
418 2167 594 2233 Quamobrem
603 2175 703 2222 oenum
712 2168 776 2222 mihi
785 2167 950 2222 sstdiversos
958 2170 1023 2222 istos
1032 2185 1189 2224 osseacoss.
1199 2172 1274 2226 enni-

100 2268 274 2319 sconsum„
284 2257 405 2324 quamvis
416 2253 485 2308 idom
497 2271 593 2308 nomen
604 2253 748 2308 habuerint.
766 2253 891 2308 Suetonio
899 2269 961 2308 nero
973 2254 1116 2308 similitudo
1124 2256 1262 2310 nominum

98 2339 255 2409 imposuisse
266 2338 374 2406 ridetur,
391 2347 421 2394 ut
436 2342 599 2394 consularem
609 2345 714 2394 vocaret
726 2337 858 2404 Cassium,
876 2340 945 2410 quod
962 2337 1092 2411 ὁμώνυμος
1107 2342 1171 2394 alter
1182 2341 1261 2412 panio

99 2431 156 2478 aute
167 2425 335 2479 consulatum
346 2427 479 2496 gessisset.
496 2425 565 2480 Haeo
577 2425 609 2479 de
620 2441 688 2480 coss.
698 2427 732 2479 ab
741 2423 884 2497 Epiphanio
896 2426 1031 2479 recensitis
1042 2424 1192 2498 diligentius
1202 2443 1261 2498 per·

99 2510 170 2578 sequi
187 2526 283 2582 operae
301 2513 412 2582 protium
426 2511 489 2576 iuit3
505 2511 573 2582 quod
590 2528 624 2565 ex
640 2512 744 2578 illorum
760 2517 884 2566 ιοιιιιιιιι
901 2517 962 2582 apta
976 2527 1153 2583 suspensaque
1170 2513 1204 2566 sit
1216 2529 1261 2566 au·

99 2611 188 2648 norum
201 2595 298 2650 Christi
309 2598 401 2662 series;
413 2597 572 2668 proindeque
584 2597 776 2651 substructione
787 2598 838 2650 iata
849 2612 915 2667 opus
924 2604 964 2650 est
973 2597 1004 2650 iis
1013 2597 1157 2668 quinorum
1166 2595 1261 2652 Christi

99 2681 209 2734 natalem
222 2682 381 2751 investigere
392 2682 507 2736 student:
520 2699 599 2752 quam
610 2680 793 2736 stabiliendam
804 2681 1012 2752 inicieudsmqus
1023 2683 1116 2736 mento
1127 2683 1178 2736 sibi
1186 2683 1263 2738 duxit

99 2765 223 2838 Xeplerus
236 2768 292 2821 eius
305 2767 487 2838 disputationis
504 2769 579 2822 initio
597 2783 675 2837 quam
688 2767 719 2821 do
732 2766 827 2822 Christi
838 2768 919 2820 natali
930 2773 991 2820 anta
1002 2768 1102 2838 aliquot
1113 2785 1195 2822 annos
1208 2770 1260 2824 elu-

100 2853 222 2908 cubrarit.
250 2851 280 2906 ln
296 2868 350 2922 qua
363 2855 478 2923 primum
495 2855 610 2908 omnium
623 2853 800 2908 Romanorum
816 2859 1046 2924 comperpetuum
1060 2854 1260 2920 successionem,

99 2953 112 2990 e
128 2953 179 3008 qua
195 2939 316 2992 nonnulli
333 2939 483 2992 consulatus
496 2939 589 3008 quinos
605 2936 776 2992 detrahendos
792 2939 920 3008 putabant
931 2937 1088 2992 firmissimis
1098 2942 1260 3010 argumentis

100 3021 283 3078 communitam
295 3023 409 3094 reliquit.
427 3022 478 3076 Sed
487 3031 528 3076 ost
536 3024 659 3096 quiddam
670 3029 771 3088 tamen,
783 3024 853 3094 quod
864 3025 898 3076 ab
910 3040 940 3076 eo
953 3025 1039 3076 miuus
1051 3025 1260 3080 animadversum

99 3105 137 3162 hie
149 3110 235 3163 obiter
245 3109 402 3175 adscribam,
419 3115 450 3162 ut
461 3109 550 3162 eadem
563 3125 642 3180 opera
653 3109 735 3162 Taciti
747 3109 844 3173 locum,
859 3109 904 3178 qui
915 3106 1041 3162 hactenus
1052 3110 1145 3162 vitiose
1157 3111 1259 3180 legitur,

99 3193 240 3264 integritati
247 3195 391 3249 restituam.
411 3193 445 3248 Ut
455 3195 535 3265 igitur
543 3194 668 3265 Xeplerus
680 3193 792 3248 affirmet
801 3195 867 3246 iuter
876 3193 1008 3248 Tiberium
1016 3201 1042 3250 ct
1050 3193 1179 3249 Neronem
1187 3195 1260 3250 nulla

100 3293 161 3332 ooss.
180 3295 241 3333 osse
263 3279 437 3334 subtrahenda
459 3281 543 3350 paria,
565 3281 648 3334 Taciti
669 3281 737 3334 iuter
759 3281 811 3334 ulia
832 3279 1011 3334 testimonium
1033 3278 1115 3334 affert
1159 3279 1209 3345 Qui
1229 3282 1258 3336 in

101 3365 235 3436 Δςιιιοιιο
258 3367 341 3419 soceri
363 3366 417 3419 rita
438 3367 528 3420 scribit
550 3365 693 3420 decessisse
714 3365 788 3420 ilium
812 3363 919 3434 Collega
942 3371 968 3418 ot
988 3365 1077 3420 Prisco
1100 3381 1167 3420 coss.
1189 3383 1258 3420 anno

102 3451 189 3503 utatis
214 3467 279 3514 nnn,
306 3456 397 3504 natum
420 3467 481 3505 nero
508 3450 569 3505 Caio
592 3469 631 3506 ιιι.
657 3467 709 3505 cos.
750 3451 790 3504 lix
810 3467 861 3520 quo
883 3451 920 3504 ita
942 3451 1052 3521 colligit:
1077 3451 1183 3506 tertium
1204 3451 1260 3508 cui

102 3537 261 3588 consulatum
281 3552 349 3592 anuo
370 3537 544 3608 Dionysisuae
565 3553 640 3590 aerae
660 3555 704 3590 xa.
720 3535 886 3590 tribuendum
906 3536 999 3602 rideri,
1016 3554 1083 3602 uon,
1104 3544 1133 3591 ut
1152 3536 1260 3608 quidam

102 3621 260 3689 opinabatur,
272 3639 335 3675 xsn.
353 3621 449 3675 Verum
458 3638 516 3674 curn
526 3621 582 3676 Caii
591 3621 740 3676 consulatus
749 3639 788 3676 ιιι.
800 3628 936 3676 concurrat
947 3638 1005 3676 cum
1015 3640 1039 3676 a.
1045 3621 1075 3677 U.
1082 3621 1110 3676 C.
1120 3638 1259 3690 accrum,
1284 3653 1305 3695 p,
1314 3641 1345 3686 ιι

102 3702 219 3777 Collegae
230 3713 317 3761 sutem
328 3723 359 3760 ac
370 3707 451 3760 Prisci
462 3723 521 3760 cum
538 3723 607 3760 anno
620 3722 775 3772 accusans„
794 3708 837 3778 qui
855 3723 923 3762 auno
937 3723 1067 3764 nooxcnr.
1080 3708 1217 3773 situatas,
1234 3710 1258 3763 is

102 3805 164 3844 suno
175 3806 390 3847 acconam-non
406 3793 465 3863 plus
480 3808 558 3862 quam
570 3811 622 3848 arv.
635 3809 717 3847 anuos
732 3798 810 3847 natus
822 3809 879 3846 essa
892 3795 983 3863 potnit
1007 3791 1091 3856 Quare
1103 3793 1172 3865 apud
1182 3793 1258 3848 'iani-

102 3881 153 3930 tum
167 3878 248 3932 miror
265 3877 478 3932 animadvertisse
495 3878 626 3932 nominem
643 3895 689 3949 pro
708 3895 760 3934 avr.
778 3878 918 3948 legendum
936 3895 993 3934 esee
1008 3897 1061 3935 arr.
1094 3877 1257 3934 Facillimum

103 3966 183 4016 autem
193 3961 245 4017 tuit
256 3979 290 4017 ex
301 3969 423 4018 notarum
434 3963 580 4017 inversione
592 3963 684 4018 vitium
696 3979 712 4016 a
722 3964 835 4019 librariis
847 3963 957 4020 admitti.

120 4163 236 4230 QUIBUS
255 4167 346 4222 COSS.
358 4167 472 4222 VULGO
491 4167 624 4222 CHRISTI
644 4167 787 4223 NATALIS
805 4167 1026 4223 osmouuuun
1061 4167 1119 4223 UBI
1135 4169 1179 4224 nt
1195 4169 1240 4226 Du

272 4249 410 4308 BlSEXTI
428 4251 660 4309 COBRECTIONE
677 4253 855 4308 Accusata
872 4253 1081 4309 DISSERITUR.
1239 4269 1240 4272 ’

166 4387 296 4446 Christum
307 4391 426 4462 Augusto
435 4409 493 4448 xm.
505 4397 532 4445 et
543 4391 649 4446 Silvano
661 4407 728 4446 coes.
740 4395 830 4446 natum
842 4407 900 4444 esse
912 4395 1061 4448 comtantar
1072 4391 1188 4446 affirmat
1198 4393 1257 4464 Epi·

105 4471 214 4542 planius.
236 4477 289 4532 Sed
301 4493 360 4532 cum
371 4477 440 4532 idem
451 4495 486 4534 vr.
498 4477 554 4532 Eid
566 4475 620 4532 Ian.
634 4477 747 4532 natalem
759 4476 827 4531 diem
843 4493 902 4531 esse
918 4475 1036 4544 definiat,
1052 4478 1107 4532 inre
1118 4479 1257 4534 Διιιιιιιιι

106 4555 334 4620 Xeolesintiecrum
342 4564 451 4636 scriptor
459 4563 493 4618 ad
500 4565 604 4619 iliorum
610 4579 719 4636 magam
727 4562 921 4634 adiungendum
930 4563 1258 4637 casapctiusEpiphauium
