3252 5158
317 371 447 428 curum

316 531 367 582 nei
377 529 510 581 adumm
522 545 561 580 tae
571 531 841 598 appropinquaverunt
851 535 877 580 et
885 535 1020 592 tteteraat,
1037 525 1102 582 haec
1114 527 1147 585 ad
1158 528 1318 598 penitentem
1329 528 1422 594 rubri,
1434 530 1483 599 qui

315 618 422 684 peccato
431 629 479 666 auo
495 613 650 668 medicinam
666 612 753 668 tacere
766 613 852 668 voiana
868 611 1011 668 amicorum
1027 619 1207 683 contemptam
1220 613 1422 684 irrisionemque
1434 631 1483 668 ‘na-

317 697 408 768 gligaa
443 698 474 752 Si
484 715 555 767 erpo,
572 699 670 769 inquit,
687 698 829 752 huiuamodi
840 699 910 752 amno
921 716 1013 750 memor
1025 699 1114 752 delicti
1124 703 1165 752 eei
1176 701 1325 768 coafiteatar
1336 719 1403 770 carue
1415 719 1481 754 oon·

316 787 392 848 mett,
406 793 429 838 at
437 783 548 837 lemano
558 787 701 853 causacione
708 785 938 854 parvipenderem
949 786 993 854 pot
1003 784 1159 853 exprobrant
1170 802 1224 838 eam
1235 787 1390 854 cotfiteateta
1402 796 1428 838 ct
1438 803 1481 840 aa·

317 876 373 922 tuat
383 871 424 922 uel
434 871 555 933 irrideat,
567 870 611 924 ille
623 879 705 922 autem
716 871 858 938 itcteilipeuc
865 886 915 938 per
927 867 991 922 laec
1003 869 1054 922 cili
1064 872 1163 924 aenium
1176 871 1238 922 duri
1248 879 1295 923 etc.
1329 871 1360 924 Si
1374 888 1436 938 erpo
1447 874 1483 922 rit

317 955 411 1024 uliqttie
422 959 460 1008 ita
466 957 565 1024 fidelia,
577 963 607 1008 ot
615 959 640 1008 ai
650 957 712 1024 quid
723 959 837 1008 coarctus
848 958 884 1007 eit
893 955 954 1018 eibi,
966 956 1133 1024 procedentia
1144 957 1264 1018 aredium,
1282 967 1306 1010 et
1317 960 1372 1026 ipae
1382 959 1425 1008 rai
1436 974 1482 1008 ac·

232 1081 238 1093 .
284 1083 290 1098 .
317 1049 420 1096 motor
432 1045 536 1104 mittat,
553 1041 581 1092 lei
598 1049 681 1094 uatem
698 1044 862 1109 qaifieturam
877 1041 920 1093 dei
934 1041 1056 1092 iudicium
1068 1050 1248 1104 conmanunt,
1265 1041 1332 1094 laec
1349 1043 1482 1096 ordimem

316 1143 373 1180 catu
383 1126 569 1196 trfimaatidae
577 1128 675 1195 quidem
688 1144 737 1180 aon
745 1128 908 1195 infirmentur,
920 1143 976 1178 cam
987 1127 1227 1180 scandalizantium!
1234 1145 1283 1179 coa
1294 1137 1412 1191 martur,
1425 1144 1483 1179 cuae

317 1212 399 1281 tapete
410 1229 458 1264 noti
469 1217 582 1275 iaceam,
593 1213 640 1263 red
650 1213 750 1274 dicum,
763 1209 850 1279 Lorrpe
862 1215 941 1279 tesoc
954 1230 971 1264 a
982 1228 1032 1274 tae,
1044 1229 1121 1280 neque
1130 1213 1243 1264 accedat
1253 1215 1289 1266 ad
1299 1231 1349 1276 tae,
1361 1215 1483 1281 quonian

316 1299 422 1351 maudut
431 1315 493 1360 mm,
506 1307 530 1352 et
541 1299 662 1350 deuotum
672 1300 801 1366 incipiant
810 1313 864 1350 eura
873 1314 942 1364 paam
952 1306 1010 1351 aute
1019 1297 1225 1359 admirabuntur,
1237 1307 1261 1350 ct
1269 1297 1302 1350 ul
1312 1300 1432 1350 amicitia
1441 1315 1482 1350 re·

317 1383 412 1435 cedant
422 1385 476 1434 eiua
486 1387 530 1450 pai
541 1383 659 1440 delictum
670 1399 739 1436 mum
753 1383 833 1438 rioluit
848 1383 990 1445 occultare,
1007 1399 1084 1451 cuper
1095 1381 1136 1436 itia
1148 1399 1207 1450 erpo
1219 1391 1397 1452 comcqreerter
1407 1385 1483 1446 dicit,

316 1471 360 1536 qai
371 1467 580 1536 exlomoloycein,
597 1469 627 1520 id
637 1477 675 1520 ert
684 1471 874 1536 consertionem,
880 1471 954 1535 facit
965 1476 1011 1520 etc.
1041 1466 1093 1522 Sed
1103 1473 1195 1537 poetca
1206 1467 1302 1523 olariua
1313 1467 1384 1522 idam
1396 1468 1482 1520 deria·

316 1557 369 1616 rat,
381 1568 440 1606 cum
452 1551 485 1606 ad
496 1553 537 1606 aui
548 1551 742 1606 mercationem
753 1558 780 1606 et
791 1549 981 1607 oonieaaiduem
992 1550 1143 1616 adhortans,
1154 1553 1193 1606 ita
1203 1553 1332 1622 loquitur:
1359 1553 1482 1606 Tauro·-

316 1639 388 1690 acodo
400 1641 566 1708 circumepice
578 1639 723 1706 diligentiae
735 1642 778 1690 cai
789 1638 881 1690 debeor
893 1639 1006 1708 confitear¹
1012 1648 1148 1706 mucetum
1160 1646 1235 1690 tuaac.
1252 1638 1422 1708 Produpriru
1430 1657 1482 1690 ace-

317 1724 414 1786 da'caau,
432 1727 475 1774 rui
486 1723 578 1776 debeor
589 1741 707 1778 cocorum
718 1725 852 1792 inopaorir
863 1741 985 1792 exponere
997 1731 1053 1786 etc,
1070 1734 1099 1775 at
1113 1726 1151 1776 ito
1169 1725 1266 1776 demam
1276 1726 1301 1774 ri
1311 1725 1374 1793 qaid
1385 1725 1430 1776 itte
1442 1725 1482 1776 di-

315 1811 390 1871 rerit,
401 1811 444 1877 pai
451 1825 478 1860 ee
483 1812 559 1878 priua
569 1819 594 1861 et
604 1811 728 1862 eruditum
741 1811 862 1862 medicum
873 1810 1016 1870 ostenderit,
1029 1817 1054 1860 et
1062 1811 1260 1872 misericordem,
1271 1813 1295 1860 ei
1303 1810 1366 1878 qaid
1377 1811 1483 1862 concilii

317 1895 428 1956 dederit,
438 1897 532 1961 sacius
549 1903 574 1948 et
588 1898 715 1963 aequoria,
733 1899 757 1948 a·
773 1896 925 1948 intellexerit
944 1902 968 1946 et
982 1895 1147 1963 praeviderit
1165 1895 1241 1947 talem
1262 1911 1314 1948 eece
1332 1896 1481 1962 languerent

317 1987 396 2043 mum,
412 1982 456 2047 qui
471 1982 499 2032 ia
510 1989 630 2034 carrucata
646 1985 720 2032 totiua
731 1981 854 2032 eccleciae
866 1983 957 2049 epuns·
968 1979 1059 2032 deleat
1069 1988 1094 2032 ct
1104 1983 1206 2042 curari,
1225 1998 1255 2032 ec
1266 1983 1447 2048 quosortoarie
1458 1989 1484 2032 et

317 2069 415 2118 cocart
425 2065 562 2134 aedificari
568 2073 699 2134 poteraut,
712 2075 736 2118 et
747 2073 773 2116 ta
784 2066 926 2134 cpaesacite
938 2069 1043 2130 curari,
1055 2066 1134 2118 multo
1147 2065 1193 2118 boc
1206 2065 1389 2118 deliberatione
1401 2076 1426 2118 et
1436 2083 1482 2118 ro-

317 2154 349 2206 tit
356 2153 443 2219 perito
454 2152 548 2206 medici
557 2151 627 2206 illiue
637 2151 743 2206 conttlio
750 2152 943 2220 procurandum
955 2159 999 2204 eat.
1031 2150 1163 2204 Hactenus
1176 2149 1309 2219 Origenes.
1345 2149 1442 2204 Nullus
1453 2152 1482 2204 iu

317 2235 390 2292 omui
400 2239 529 2288 reluctata
539 2235 612 2290 locua
624 2241 676 2300 eat,
694 2252 726 2288 ex
744 2253 795 2306 quo
808 2235 918 2292 ualidius
933 2235 960 2287 id
976 2233 1101 2288 affirmari
1117 2240 1219 2304 putent,
1238 2235 1307 2306 quod
1325 2235 1357 2288 de
1374 2235 1482 2305 publica

317 2320 480 2376 cuuieeeiona
491 2320 614 2374 aeutiunt
640 2319 708 2374 Nam
719 2322 746 2374 in
757 2322 893 2391 porteriori
904 2321 1019 2376 maxime
1031 2321 1160 2374 eontentio
1172 2320 1301 2374 delectum
1312 2328 1481 2390 peccatorum

317 2405 480 2460 aaacerdote
492 2405 640 2460 iaciendum
654 2407 783 2469 insinuat,
801 2423 867 2475 quae
883 2406 1020 2476 poeniteor
1036 2406 1069 2460 nd
1085 2407 1202 2463 omnium
1218 2407 1357 2460 utilitatem
1375 2406 1481 2475 publice

316 2491 475 2562 profiteatur.
508 2491 590 2560 Atqui
607 2490 670 2546 nibil
685 2492 750 2544 istos
766 2490 892 2560 Origenes
907 2491 1025 2554 adurat,
1042 2491 1169 2546 imovero
1186 2492 1260 2546 obeat
1270 2493 1312 2546 rel
1323 2492 1481 2562 plurimum

316 2575 526 2646 quandoquidem
538 2575 570 2629 de
581 2575 681 2632 arcanis
693 2577 850 2645 occultisque
861 2578 990 2646 peccatis,
1008 2593 1060 2630 non
1078 2577 1188 2646 publicis
1200 2578 1323 2647 loquitur,
1336 2577 1368 2630 da
1379 2577 1428 2640 iia,
1441 2577 1481 2630 in·

317 2677 405 2730 qnam,
416 2661 530 2732 peccatia
542 2663 593 2716 iata
604 2661 784 2730 pronunciavit
793 2659 927 2730 Origenes,
939 2661 1034 2734 quibua
1045 2662 1098 2726 illa,
1111 2678 1190 2731 quem
1202 2663 1301 2726 suadet,
1313 2662 1482 2716 coniesaione

316 2745 465 2816 patefactis,
481 2747 527 2817 qui
544 2746 711 2800 confitentem
727 2746 852 2802 amabant
865 2752 890 2800 et
905 2747 1099 2802 admirabantur
1114 2754 1205 2812 antea,
1222 2747 1344 2816 deincepe
1356 2749 1430 2800 vetut
1446 2748 1481 2801 ab

316 2833 419 2902 impuro
430 2833 658 2902 contaminatoque
670 2833 816 2896 discedant,
827 2833 893 2886 utin
905 2834 990 2903 priore
1001 2833 1058 2888 loco
1071 2838 1167 2887 narrm.
1202 2832 1269 2886 item
1280 2832 1408 2888 eiusmodi
1420 2849 1482 2903 peo-

318 2923 376 2972 cota
387 2918 432 2974 illa
444 2923 516 2984 aaut,
534 2933 601 2988 quae
616 2917 735 2972 confiteri
750 2918 833 2983 iubat,
850 2923 879 2972 ut
894 2935 946 2972 non
961 2925 1058 2972 temere
1070 2919 1096 2972 in
1108 2919 1212 2988 publico
1225 2923 1356 2972 conuentu
1368 2917 1484 2972 debeant

317 3004 429 3072 exponi,
444 3003 490 3057 aed
507 3020 566 3059 cum
581 3007 704 3057 accurata
719 3002 902 3059 deliberatione
919 3008 945 3056 et
960 3003 1101 3060 sacerdotia
1118 3005 1241 3068 coneilio,
1266 3003 1335 3072 quod
1351 3003 1483 3074 posterior

246 3131 247 3138 ,
316 3089 388 3142 locon
400 3088 531 3144 admonet
565 3087 739 3151 Quamobrem
752 3089 854 3144 occulta
864 3088 909 3144 illa
920 3095 993 3154 sunt,
1007 3107 1060 3142 non
1071 3089 1177 3159 publica
1188 3094 1267 3158 atque
1278 3089 1432 3152 manifesta,
1450 3089 1483 3142 de

317 3176 412 3245 quibua
424 3175 528 3244 publice
539 3173 693 3228 confitendis
705 3191 738 3228 ue
750 3172 944 3228 deliberandum
956 3173 1059 3242 quidem
1072 3178 1154 3238 esset,
1172 3175 1195 3228 ai
1211 3173 1238 3227 id
1254 3175 1375 3244 publicae
1390 3175 1483 3246 poeui-

317 3261 415 3316 tentiae
425 3259 490 3314 ratio
502 3265 528 3314 et
539 3260 663 3313 eccleciae
675 3261 719 3316 lau
730 3260 875 3314 necessario
888 3260 1036 3328 postularet
1072 3258 1137 3314 Cum
1154 3260 1234 3328 igitur
1246 3259 1367 3328 publicae
1378 3260 1482 3314 curtios·

317 3345 398 3400 aionia
410 3345 512 3414 patroni
523 3345 622 3400 nullam
635 3344 795 3398 occultorum
806 3345 957 3409 eriminum,
968 3345 1014 3398 aad
1023 3344 1185 3414 publicorum
1193 3343 1335 3408 duntaxat,
1346 3345 1483 3415 publicam

317 3429 509 3487 ceniaaeionem
523 3429 666 3498 legitimam
681 3429 763 3484 inissa
774 3429 872 3494 velint,
882 3429 960 3500 idque
976 3435 1002 3482 et
1016 3429 1111 3482 Leonis
1123 3429 1212 3498 Magni
1224 3429 1370 3494 decretum,
1387 3437 1413 3484 et
1425 3431 1482 3484 Tri-

317 3515 416 3570 dentini
430 3515 532 3570 concilii
546 3516 671 3570 autoritas
687 3515 789 3569 evineat
800 3516 894 3585 [nequa
911 3515 980 3568 enim
996 3515 1111 3568 eiusdem
1129 3509 1258 3584 opinionis
1271 3516 1337 3570 aliea
1350 3516 1482 3584 quosdam

317 3615 456 3664 moramur,
469 3600 513 3669 qut
525 3617 559 3654 ex
571 3601 672 3654 moenis
682 3601 748 3670 ipaia
760 3601 911 3654 criminibus
920 3599 1048 3670 quaedam
1060 3601 1139 3662 etiarn
1152 3599 1184 3656 ad
1196 3601 1326 3670 publicam
1338 3599 1482 3670 proiectio-

317 3703 377 3740 nem
390 3685 526 3755 designata
537 3691 656 3750 censent,
670 3703 780 3754 quorum
792 3686 928 3738 criminos
940 3684 1088 3738 tolerandus
1101 3687 1182 3752 error)
1194 3686 1334 3754 plurimum
1346 3685 1436 3750 abeat,
1453 3694 1483 3738 nt

318 3788 351 3826 ea
363 3772 414 3827 iilia
426 3769 546 3839 Origenia
557 3771 714 3826 testimoniis
728 3787 819 3840 operae
832 3771 941 3842 pretium
954 3770 1036 3826 ullum
1048 3769 1080 3822 ad
1092 3770 1231 3824 commenti
1247 3771 1288 3822 eui
1304 3772 1482 3840 patrocinium

317 3856 422 3916 iaciant
458 3854 529 3918 Quae
546 3871 606 3914 cum
620 3856 656 3911 ita
672 3872 730 3910 aeae
741 3855 867 3919 babeant,
884 3856 957 3911 aliter
969 3855 1089 3925 Origenia
1101 3855 1252 3926 accipienda
1262 3855 1308 3908 iila
1321 3858 1400 3910 ruba
1410 3869 1482 3924 aunt,

317 3957 378 3996 cum
389 3941 492 4010 publice
504 3940 661 4006 accusanda,
677 3941 835 4006 confitenda,
850 3947 896 3994 eut
907 3941 1061 4011 exponenda
1071 3949 1178 4010 peccata
1190 3940 1262 4005 dicit,
1275 3943 1316 3994 rel
1328 3940 1482 3999 exhomolo-

317 4027 393 4096 gesin
405 4027 600 4092 instituendam,
613 4027 681 4094 quod
693 4029 761 4096 apud
771 4033 885 4082 caeteros
893 4033 991 4096 patrea,
1004 4026 1181 4096 imprimisque
1191 4025 1351 4095 cyprianum
1359 4027 1483 4098 frequen-

318 4119 356 4166 ter
368 4112 486 4167 occurrit.
510 4111 599 4181 Neque
612 4111 679 4166 enim
692 4117 816 4181 perpetuo
828 4111 944 4182 legitima
955 4111 1043 4180 aliqua
1054 4117 1220 4180 pcccatorum
1232 4111 1372 4166 declaratio
1385 4129 1416 4178 ao
1429 4115 1482 4168 sin·

317 4198 440 4267 gaiorum
452 4198 580 4266 expositio
592 4198 741 4254 istiusmodi
752 4197 936 4252 vocabulorum
947 4197 1066 4250 formulis
1080 4196 1241 4265 intelligitur,
1257 4196 1304 4248 sed
1320 4213 1351 4250 ea
1366 4198 1483 4268 plerum·

318 4299 369 4354 que
380 4281 522 4353 proieeaio,
533 4299 599 4352 quae
611 4282 687 4336 tactis
699 4283 763 4352 ipaia
774 4298 804 4335 ac
816 4283 987 4352 penitentium
1000 4281 1093 4334 oiiiciie
1106 4282 1196 4346 editur,
1213 4287 1258 4335 aut
1270 4281 1293 4334 ai
1306 4299 1350 4334 ora
1360 4281 1482 4338 iortaaaia

318 4385 349 4422 ac
360 4369 458 4434 ver-bia,
474 4384 527 4422 uon
542 4383 573 4420 ea
585 4368 748 4437 singulorum
760 4368 897 4422 criminum
909 4367 1026 4420 condicto
1038 4367 1095 4418 loco
1108 4383 1138 4420 ao
1149 4371 1266 4436 tempore
1278 4367 1409 4422 oonieaaio
1421 4371 1482 4434 iuit,

319 4459 348 4512 ut
356 4453 397 4506 vel
406 4469 440 4506 ex
452 4455 560 4524 scripto,
573 4452 612 4506 vei
622 4469 655 4506 er
665 4455 790 4506 memoria
798 4453 1036 4522 pronunciarentur,
1049 4451 1094 4504 aed
1102 4452 1232 4520 generalia
1241 4453 1371 4509 scelerum
1380 4455 1480 4524 agritio

319 4544 346 4591 et
356 4539 528 4608 improbitatis
540 4553 603 4590 auae
614 4538 740 4608 proieeaio
753 4553 783 4590 ao
796 4539 945 4601 detestatio,
958 4536 1103 4590 cuiusmodi
1114 4552 1171 4590 ease
1181 4536 1280 4592 ridetur
1291 4540 1424 4607 generalia
1434 4540 1480 4592 ilia

318 4623 488 4680 cuuiemionia
499 4623 613 4680 formula
630 4639 708 4692 quam
725 4628 859 4678 accuratae
876 4639 906 4676 ac
922 4624 1037 4693 privatae
1054 4629 1217 4692 peccatorum
1235 4623 1416 4692 explicationi,
1433 4628 1480 4678 aut
