3216 5152
329 356 387 416 LVI

330 511 420 582 rippam
432 510 544 580 σάββατα
556 511 694 582 σαββάτων,
707 512 787 580 ἐπειδὴ
800 511 851 566 ἔσθ’
863 511 903 566 ὅτε
914 513 930 580 ἤ
940 511 956 580 ἡ
968 513 1032 583 ἁρχὴ
1044 517 1086 580 τῆς
1098 516 1266 586 πανηγύρεως,
1280 515 1297 582 ἤ
1309 515 1338 568 s'a
1349 515 1417 577 τέλος
1426 533 1476 570 τον-

331 598 414 649 durare
422 602 459 667 τῷ
469 601 509 663 τῆς
519 595 655 668 ἑβδομάδος
665 596 791 669 σαββάτῳ.
809 599 862 652 Nea
873 599 959 652 minua
971 598 1144 653 hallucinatus
1156 601 1280 666 estSeal.¹
1292 603 1337 672 qui
1348 603 1403 656 lui
1413 603 1475 673 laag.
1538 633 1542 640 ι

331 683 393 737 Cau,
408 683 535 736 Isidorum
554 684 633 738 refert
648 686 787 738 sabbatum
806 685 1002 754 δεοτερόαρωτον
1023 686 1124 754 opinari
1139 687 1241 739 tertiam
1257 703 1316 740 esse
1331 687 1477 756 asymam

331 770 406 822 diem.
424 768 487 822 Nam
502 770 596 823 diserte
606 773 717 840 primam
730 771 887 839 Azymmum
898 769 988 824 defluit
999 771 1123 836 Isidorus,
1137 772 1277 826 eeuuudam
1285 789 1347 826 vem
1358 771 1477 828 offeranda

331 871 457 907 noemam
469 853 575 924 frugum
586 858 719 927 manipulo
736 857 881 920 coustituit,
898 871 977 925 quam
994 858 1096 910 tertiam
1112 873 1128 910 a
1144 857 1268 910 Paschate
1280 863 1367 922 necat,
1384 859 1422 911 uti
1434 857 1478 928 pri-

330 957 400 993 mam
409 941 575 1008 Armorum,
588 957 667 1012 quam
679 947 705 994 et
717 943 913 1011 δεοτερότρωτον
925 943 1050 1007 nominat,
1062 943 1210 998 secundam.
1229 943 1257 996 Si
1267 944 1370 1013 quidam
1379 941 1479 996 Pascha·

330 1027 364 1078 tis
375 1027 487 1096 primaru
499 1026 567 1079 diem
579 1032 662 1080 totum
675 1029 757 1098 ipsam
770 1027 931 1080 Parasceuen
942 1028 1063 1098 appellat,
1075 1029 1149 1082 euius
1161 1029 1336 1098 advesperam
1347 1044 1428 1098 agnus
1438 1030 1480 1081 im·

330 1112 485 1164 molebatur.
507 1112 630 1165 Proxima
642 1119 681 1165 est
692 1113 870 1182 Chrysestomi
881 1115 1016 1166 sententia.
1041 1113 1089 1168 iiie
1100 1113 1188 1167 homil.
1201 1132 1293 1168 xxrrx.
1306 1116 1333 1166 in
1344 1113 1444 1179 used„
1454 1113 1481 1168 ai

332 1197 360 1248 δέ
370 1195 433 1265 ἔστι,
450 1198 548 1268 iuquit,
565 1198 773 1268 daurepdapunou3
790 1195 848 1249 ὅταν
865 1197 938 1264 διπλῆ
955 1197 970 1264 ἡ
987 1197 1059 1268 ἀργία
1075 1194 1091 1270 ᾖ
1107 1199 1147 1251 aul
1159 1204 1203 1250 τοῦ
1215 1199 1341 1269 σαββάτου
1353 1204 1395 1251 τοῦ
1406 1199 1481 1268 κιτρίον

331 1282 371 1333 nal
381 1281 462 1352 ἑτέρας
472 1281 555 1351 ἑορτῆς
565 1282 745 1352 διαδεχομένοις,
759 1281 886 1352 Σάββατον
896 1279 943 1353 γὰρ
954 1281 1055 1350 ἑκάστην
1065 1282 1150 1354 ἀργίαν
1160 1284 1270 1337 καλοῦσι.
1283 1285 1444 1338 Maldouatus
1452 1285 1481 1338 ad

330 1367 422 1422 Matth.
436 1386 482 1422 ιιι.
499 1368 712 1436 chrysostomum
728 1369 892 1422 existimasse
909 1369 999 1422 scribit
1014 1369 1152 1424 sabbatum
1168 1371 1413 1441 secundo-primum
1423 1387 1482 1435 esee,

332 1454 402 1523 qued
413 1454 532 1524 proxime
544 1461 693 1524 sequeretur
704 1455 800 1508 testum
813 1454 931 1524 aliquod,
947 1456 1017 1524 qued
1034 1455 1061 1508 iu
1078 1455 1170 1508 leriam
1181 1474 1215 1508 vr.
1227 1457 1368 1511 incidisset.
1394 1457 1481 1510 Veram

225 1569 232 1580 -
333 1555 347 1590 e
363 1539 491 1591 contrario
508 1540 647 1592 sabbatum
662 1539 725 1594 illud
742 1557 799 1592 ease
815 1545 904 1592 censet
920 1538 1120 1608 Chrysostomus
1136 1539 1205 1611 quod
1221 1541 1319 1594 testum
1336 1541 1403 1594 aliud
1419 1547 1482 1594 aute

332 1623 412 1687 cedit,
429 1625 455 1676 id
471 1625 539 1694 quad
556 1625 655 1677 Graeca
672 1626 718 1678 illa
734 1625 924 1689 demonstrant,
940 1624 979 1676 nal
997 1623 1078 1696 ἑτέρας
1096 1623 1179 1694 ἑορτῆς
1195 1626 1376 1696 διαδεχομένης.
1405 1626 1482 1690 Quaa-

261 1745 267 1757 .
301 1745 307 1756 .
334 1726 412 1778 quam
424 1707 537 1779 Theoph.
550 1711 582 1761 ad
595 1711 656 1764 Luc.
670 1727 726 1779 cap.
737 1729 772 1762 nr.
784 1709 962 1778 Chrysostomi
979 1712 1133 1764 seutentiam
1149 1712 1240 1764 eadem
1257 1728 1309 1781 quo
1326 1711 1482 1766 Maldouatus

332 1795 410 1848 modo
428 1796 586 1848 intellexisse
603 1796 711 1858 videtur,
728 1796 763 1858 si,
781 1797 818 1847 uti
830 1797 907 1858 solet,
925 1795 1138 1865 Chrysostemum
1150 1803 1254 1850 secutus
1266 1803 1314 1852 est.
1340 1797 1438 1850 Tertius
1449 1803 1483 1848 est

333 1879 493 1950 Epiphanius
506 1887 605 1945 nostem
618 1897 693 1950 quem
707 1881 797 1933 eudem
808 1882 865 1932 loeo
874 1882 1038 1934 ldaldenatus
1048 1883 1140 1936 asserit
1147 1884 1286 1936 sabbatum
1296 1884 1482 1952 deurepdspamn

334 1967 455 2018 statuisse
469 1983 524 2019 νιιι.
543 1967 611 2019 diem
628 1969 794 2035 Azymormn.
824 1966 874 2018 Sed
892 1964 939 2018 hoc
960 1967 1064 2036 quidem
1080 1969 1137 2020 luca
1154 1969 1232 2036 longe
1249 1969 1321 2020 aliud
1341 1968 1414 2022 decet
1431 1967 1482 2036 Epi·

332 2051 452 2122 phanias.
478 2053 581 2106 Etenim
592 2054 731 2104 sabbatum
746 2051 823 2116 illud,
840 2052 911 2122 quud
926 2053 959 2104 ab
971 2053 1128 2121 Azymorum
1138 2053 1222 2123 prima
1233 2053 1273 2106 die
1285 2054 1430 2124 proximum
1441 2057 1482 2116 est,

334 2139 530 2210 δευτερόττρωτον
548 2140 687 2192 sabbatum
704 2138 755 2190 dici
772 2143 854 2207 putat.
895 2137 928 2190 At
949 2137 1101 2192 haeresim.
1120 2139 1195 2191 Num.
1213 2157 1285 2191 xxxi.
1303 2139 1378 2192 aliter
1394 2139 1483 2200 statuit,

333 2227 437 2278 tametsi
450 2225 604 2294 perobscura
616 2225 745 2293 loquitur..
765 2225 803 2277 lbi
820 2224 888 2276 enim
905 2239 964 2276 cum
982 2225 1078 2294 duplex
1095 2225 1198 2277 sabbati
1210 2240 1294 2294 genus
1306 2241 1365 2278 esse
1376 2223 1482 2284 dixisset,

334 2312 444 2364 alterum
460 2309 689 2362 hebdomadarium
707 2315 734 2361 et
750 2310 897 2378 antiquum
918 2310 987 2377 quud
1004 2312 1102 2379 πρῶτον
1118 2304 1205 2374 uocat,
1222 2311 1333 2363 alterum
1349 2309 1482 2378 legitimum

334 2398 389 2448 sine
402 2396 535 2459 lustinum,
552 2396 621 2465 quod
634 2395 744 2465 δεύτερον
756 2400 843 2464 putat,
861 2394 1005 2448 cuiusmodi
1017 2396 1173 2464 azymorum
1190 2395 1243 2448 dias
1260 2395 1324 2460 suit,
1341 2396 1483 2465 paulopost

335 2481 407 2534 addit
423 2481 533 2550 δεύτερον
550 2481 614 2533 illud
630 2481 657 2533 iu
674 2486 773 2550 septem
789 2482 934 2533 revolutum
951 2481 1076 2550 appellari
1091 2482 1197 2550 πρῶτον.
1225 2479 1276 2533 Ubi
1291 2481 1392 2534 nescias
1407 2485 1482 2532 uuum

335 2569 492 2636 Azymorum
505 2585 550 2620 νιι.
568 2566 636 2618 diem
652 2566 791 2618 sabbatum
808 2566 1004 2636 δευτερόαρωτον
1025 2583 1081 2620 asse
1101 2566 1218 2630 definiat,
1239 2583 1273 2618 an
1292 2567 1390 2619 testum
1408 2565 1483 2634 ipsum

335 2653 513 2716 PentecosteS,
526 2651 593 2720 quod
607 2657 633 2704 et
644 2651 808 2704 Maidouatus
820 2653 928 2704 caeteris
940 2652 1059 2706 omuibus
1070 2652 1194 2721 praefert3
1210 2650 1241 2704 da
1259 2667 1310 2722 quo
1327 2667 1376 2704 suo
1389 2651 1442 2704 leue
1453 2649 1483 2700 di·

336 2755 436 2792 ramus.
454 2737 509 2789 lam
518 2754 579 2790 nero
591 2739 679 2790 nullus
687 2738 788 2807 proprie
799 2738 954 2806 azymorum
964 2738 1018 2790 dies
1027 2755 1083 2791 ern.
1095 2737 1157 2802 tuit,
1169 2753 1229 2790 eum
1241 2737 1349 2790 celebris
1360 2738 1416 2806 ipsa
1425 2735 1485 2787 ium

336 2831 458 2894 septenos
470 2824 524 2875 dies
537 2825 647 2889 steterit,
664 2829 693 2876 ut
711 2840 743 2876 ex
760 2822 943 2888 Larianus,
961 2827 988 2875 et
1003 2823 1085 2877 Exod.
1097 2841 1143 2880 ru.
1155 2829 1264 2876 sonent.
1291 2821 1348 2875 Nisi
1363 2821 1438 2884 tans,
1452 2818 1485 2872 uti

335 2911 468 2964 Paschatis
486 2914 543 2962 octo
560 2909 614 2961 dies
630 2909 759 2962 interdum
776 2909 905 2962 numerari
921 2910 1016 2973 solent,
1038 2925 1068 2962 eo
1085 2909 1155 2978 quod
1171 2908 1313 2961 Parasceue
1330 2908 1399 2977 ipsa,
1419 2905 1484 2958 euius

336 2998 385 3049 sub
398 3011 533 3066 vesperam
546 3011 631 3064 agnus
643 2996 802 3059 immolatur,
814 2995 913 3064 primus
925 2994 1058 3048 Paschat'ue
1071 2995 1126 3048 dies
1137 2993 1256 3058 habetur,
1272 2991 1343 3063 quud
1353 3009 1387 3046 ex
1398 2991 1484 3046 Isidem

336 3099 415 3152 supra
427 3081 588 3145 monuimus,
601 3081 638 3132 sie
650 3081 728 3134 etiam
752 3081 908 3149 Aaymorum
919 3081 1003 3150 prima
1014 3079 1069 3132 dies
1080 3079 1171 3133 eadem
1182 3079 1227 3132 illa
1237 3079 1382 3132 Parasueue
1393 3091 1484 3131 musea·

335 3173 385 3221 tur.
413 3167 469 3230 Qua
485 3168 584 3220 ratione
601 3165 702 3236 Ioseph.
720 3167 763 3220 lib.
776 3185 804 3220 ιι.
822 3166 892 3234 Orig.
906 3182 962 3235 cap.
972 3183 995 3218 v.
1008 3167 1165 3234 azymorum
1175 3165 1271 3218 testum
1283 3165 1376 3218 diebus
1387 3180 1440 3216 νιιι.
1449 3177 1483 3214 οσ-

336 3253 431 3306 lebrari
440 3253 514 3306 dixit.
532 3251 600 3304 lllud
609 3251 751 3305 Meldonati
763 3252 826 3304 satis
839 3251 926 3304 mirari
937 3269 990 3304 nou
999 3267 1115 3320 pessum,
1127 3251 1196 3320 quod
1204 3250 1236 3304 de
1245 3251 1336 3303 eadam
1346 3249 1483 3320 quaestione

337 3355 372 3392 ex
383 3355 431 3392 sua
443 3339 563 3407 opinione
575 3338 619 3390 illo
632 3339 659 3390 iu
670 3340 727 3392 loeo
740 3338 849 3390 disserit
876 3336 979 3388 Relellit
989 3337 1060 3390 euim
1071 3334 1209 3408 Epiphauii
1219 3320 1382 3406 ulidmmque
1393 3339 1482 3388 senteu-

337 3425 413 3488 tiam,
425 3427 467 3491 ped
477 3424 608 3476 sabbatum
620 3425 846 3492 seeundo-primum
859 3425 923 3474 diem
936 3424 1043 3491 aliquem
1054 3423 1202 3489 Aeymoram
1213 3426 1419 3491 interpretantur.
1435 3417 1482 3470 Nee

338 3515 402 3562 enirn
419 3511 459 3561 die
472 3527 514 3562 ιιν.
528 3518 574 3560 aut
584 3527 628 3561 ιιιι.
640 3509 734 3561 Martii
747 3513 836 3577 spicae
852 3517 968 3560 maturae
984 3525 1036 3560 ease
1049 3517 1192 3578 patuerunt.
1223 3507 1297 3568 Quod
1312 3511 1376 3558 emin
1393 3506 1482 3574 puidam

338 3598 534 3658 attitulaverant,
551 3598 579 3645 in
594 3595 745 3646 Palaestina
762 3613 789 3647 ee
808 3604 916 3662 tempere
929 3602 1035 3663 prepter
1047 3593 1210 3645 uehementem
1228 3594 1338 3644 satorem
1349 3600 1438 3660 sepetea
1450 3605 1482 3640 ae·

338 3683 399 3733 litua
419 3688 599 3744 maturescere,
615 3682 703 3748 flatum
726 3697 778 3732 ease
799 3680 920 3733 arbitror.
957 3679 1027 3731 Nam
1036 3682 1131 3748 festum
1149 3681 1335 3748 primitivarum
1355 3677 1483 3728 celebratur

337 3769 539 3836 pnirrpuapeaino
549 3767 655 3834 dr'epoet
662 3764 775 3828 Pescla,
788 3766 930 3816 celebratur
939 3775 1020 3818 autern
1029 3765 1104 3816 amul
1114 3773 1187 3832 atque
1194 3767 1282 3832 prima
1284 3765 1348 3831 sale
1358 3765 1385 3814 e'a
1395 3775 1481 3813 arem

337 3853 489 3904 statuebatur.
507 3850 567 3902 Nun
579 3868 637 3918 erqo
645 3859 766 3919 paterent
776 3854 874 3918 infeste
884 3851 1044 3918 adzymorum,
1057 3852 1087 3902 id
1095 3859 1132 3902 est
1139 3853 1320 3918 quinquaqinta
1333 3857 1391 3900 aute
1399 3845 1481 3904 dietae,

337 3947 432 4006 repetes
443 3954 495 3988 esse
506 3944 630 3988 maturae.
656 3935 726 3988 Haec
741 3937 791 3988 ille.
819 3935 904 4005 Negat
918 3936 1006 4005 itaque
1023 3935 1087 4006 ipsis
1099 3935 1256 4004 Aaymorum
1273 3933 1364 3986 diebus
1380 3937 1481 3984 maturas

337 4023 419 4076 luisse
430 4027 545 4091 segetes,
557 4037 617 4074 eum
630 4021 847 4091 quiuquagesimo
858 4022 971 4090 primum
982 4025 1074 4091 pastea
1085 4020 1126 4073 die
1137 4020 1230 4072 falcem
1241 4019 1401 4072 immiserint.
1420 4014 1481 4078 Quat

339 4107 443 4179 quidem
455 4125 508 4160 uon
520 4107 586 4160 laiso
599 4113 700 4159 tautum
712 4107 792 4171 dieta,
805 4107 851 4158 aed
863 4113 889 4160 et
900 4106 1048 4176 Scripturas
1061 4105 1196 4159 manifeste
1208 4105 1337 4158 condaris.
1347 4105 1413 4157 sunt
1428 4097 1481 4161 Quia

337 4195 422 4248 nascit
441 4193 554 4246 secunda
570 4194 727 4263 Arpinorum
748 4192 788 4244 dia
808 4208 933 4245 novarum
953 4191 1059 4262 frugum
1078 4191 1241 4260 manipulum
1261 4190 1376 4242 oblatum
1394 4185 1480 4240 aunt

340 4278 558 4350 quemadmodum
569 4279 651 4332 Lenit.
661 4295 740 4343 ιιιιιι,
753 4278 776 4332 2.
788 4278 950 4350 praecipitur,
969 4283 1074 4338 mum
1093 4281 1239 4340 mrim,
1257 4273 1306 4328 hoe
1320 4279 1362 4328 ast
1376 4266 1480 4341 sequenti

339 4371 398 4436 post
409 4365 546 4418 sabbatum
558 4365 623 4427 tsine
633 4364 741 4429 testum,
753 4364 779 4416 id
791 4369 831 4416 ast
841 4364 998 4432 Aaymorum
1009 4362 1131 4434 primam}
1143 4362 1196 4427 die,
1209 4365 1238 4432 τῇ
1250 4358 1362 4430 ἐπαύριον
1374 4361 1412 4424 τῆς
1422 4351 1480 4423 κρώ-

341 4467 395 4518 ma,
407 4455 437 4502 ut
448 4456 515 4503 reeta
528 4467 587 4502 axx.
600 4450 771 4503 reddiderunt.
790 4450 828 4503 Ab
839 4449 888 4502 hou
897 4465 958 4502 vero
970 4449 1023 4514 die,
1035 4447 1085 4501 hoe
1095 4455 1136 4500 est
1146 4463 1162 4500 a
1173 4465 1201 4500 n.
1214 4447 1380 4516 moram,
1390 4459 1431 4498 ru.
1443 4438 1479 4490 lt·

340 4535 482 4589 bdomadas
497 4535 679 4599 numerabaut;
697 4536 791 4605 quibus
809 4535 918 4588 evolutis
935 4534 1149 4605 quinquagesimo
1166 4533 1271 4586 demum
1286 4531 1326 4584 die
1342 4547 1392 4584 nou
1407 4525 1479 4596 epistt

341 4627 387 4678 aut
396 4621 557 4691 manipules,
572 4620 619 4674 sed
633 4621 779 4690 primitivas
793 4635 874 4690 pause
886 4619 1040 4686 afferebant,
1057 4633 1168 4688 eumque
1185 4623 1292 4684 diffie
1306 4616 1354 4672 hue
1367 4617 1406 4670 eat
1417 4611 1478 4665 clau·
