3216 5152
1244 341 1279 399 u

130 507 199 562 modo
208 505 327 578 quilibet,
337 503 384 558 sad
396 503 489 572 etiam,
502 501 570 572 qnod
582 499 729 555 mirendum
741 515 772 554 sc
784 499 963 554 detestandum
971 499 1057 572 mugis
1069 505 1122 566 est,
1134 501 1220 555 olerloi
1228 503 1279 573 ipsi

129 609 182 646 cum
194 591 343 646 mulieribus
359 590 513 662 plerumque
530 589 615 642 lasere
631 591 826 640 consueverant.
861 585 932 650 Quae
948 583 1080 656 flagitiosa
1094 587 1200 641 licentis
1219 603 1278 642 eum

129 677 313 732 inGhristisnis
326 675 459 740 omnibus,
478 679 535 728 tum
552 674 579 727 in
595 671 781 744 posterioribus
792 671 849 724 istie
863 671 997 727 Oanonum
1012 674 1149 728 seueritate
1166 673 1280 727 coerceri

127 761 294 834 opushabuit.
328 757 595 814 lniaodcsnxxx.
629 755 687 810 Ὅτι
704 757 733 810 οὖ
750 757 786 810 dti
802 755 934 827 ίιρατικοῦς
955 757 970 824 ἢ
988 757 1118 829 αληρικοῦς
1140 755 1279 826 ᾒᾶσκητᾶς
1303 757 1366 808 aar.

127 846 148 900 έν
159 847 275 918 βαλανείῳ
287 845 348 918 μετὰ
359 847 480 916 γυναικῶν
493 841 669 913 ἀπολούεσθαι,
687 841 749 913 μηδὲ
761 841 840 896 stoue
857 843 998 913 Χριστιανον
1010 844 1025 911 ἢ
1042 843 1136 898 λαῖνιόν.
1171 843 1242 898 idem
1254 849 1281 897 et

126 933 284 988 iulhullauo
299 935 409 987 vetitum
420 937 460 985 est
476 929 539 985 (lan.
557 947 656 984 nxrvru.
690 927 764 992 Quod
780 929 897 998 sequitur
913 927 975 980 κατὰ
991 929 1136 1001 συγκυρίαν,
1155 931 1281 1002 imposuit

126 1017 254 1085 ὓοτοαιίο,
267 1019 313 1090 qui
323 1018 459 1088 Syoyrism
467 1017 554 1070 locum
566 1031 624 1069 esse
636 1014 749 1070 credidit
783 1013 849 1068 llam
859 1013 973 1086 συκυρίαν
983 1023 1059 1070 antea
1067 1016 1214 1088 legebatur,
1225 1033 1280 1072 nou

126 1111 206 1160 tamen
217 1103 335 1177 Σοκυρίαν
347 1103 491 1157 msiusculo
503 1101 537 1167 Σ,
548 1108 579 1155 ιιι
589 1101 695 1171 quidam
707 1101 807 1156 usserit

187 1187 258 1242 dtibsv
271 1187 295 1242 έν
307 1193 343 1260 τῷ
356 1185 424 1260 ἀέρι.)
459 1188 535 1242 Corn.
549 1187 832 1241 deombniuosiunsre.
857 1187 908 1240 Sed
921 1183 935 1239 δ
947 1185 992 1258 &ip
1004 1189 1090 1242 balnei
1105 1205 1165 1262 pars
1181 1196 1233 1254 eet,
1249 1195 1281 1244 ut

125 1275 391 1330 axilaleuosdiilsuc
396 1263 495 1346 pridem
505 1273 671 1327 oberratum
676 1274 709 1326 eb
715 1272 821 1326 eruditis
833 1273 992 1340 hominibus;
1005 1275 1054 1328 etsi
1065 1291 1118 1330 non
1127 1277 1190 1330 setis
1199 1277 1281 1346 liquet

125 1377 185 1433 quse
195 1377 256 1433 pers
269 1361 314 1414 illa
325 1361 367 1414 sit.
401 1359 455 1413 Nos
466 1359 571 1412 iuterim
582 1360 670 1412 solium
681 1357 847 1412 reddidimus.

185 1442 220 1500 Ἥ
232 1445 259 1500 el
271 1445 357 1514 ίαυιὴν
373 1443 558 1517 ίσρραγίσαιο.)
600 1444 648 1500 llio
659 1444 863 1498 illustrissimum
882 1445 1020 1500 Annalium
1037 1447 1198 1504 conditorem
1212 1449 1280 1502 inse-

125 1531 387 1596 otstanaeaubonus,
399 1529 667 1602 quodealutsrisillius
677 1529 748 1600 signi
755 1531 849 1584 uirtute
856 1529 1028 1586 Christianam
1037 1535 1171 1588 mulierem
1184 1540 1280 1590 eunte

123 1619 242 1672 cutitatis
253 1617 369 1689 periculo
380 1615 515 1670 liberatam
528 1615 561 1668 ab
573 1613 717 1686 Epiphanio
726 1615 865 1687 diciputet.
900 1615 974 1680 Quod
982 1617 1156 1690 Epiphaniam
1168 1621 1281 1675 voluisse

122 1709 204 1776 negat
239 1703 293 1758 ead
309 1719 358 1756 nec
374 1703 455 1755 ullam
471 1699 587 1769 insigne
603 1701 686 1754 crucis
701 1699 734 1753 ad
750 1699 887 1755 efficienda
901 1703 1027 1758 miracula
1043 1707 1174 1778 proprium
1194 1707 1281 1762 inesse

123 1790 251 1856 uirtutem
263 1804 349 1858 neque
360 1804 421 1842 vero
433 1787 508 1840 aliter
520 1791 598 1855 qu'sm
610 1790 640 1838 ut
649 1787 721 1856 piem
732 1788 905 1840 ceremoniam
917 1787 1057 1844 adhibitam
1069 1792 1096 1844 in
1113 1793 1222 1846 ecclesia
1237 1809 1281 1847 ve·

123 1875 179 1941 teri,
191 1891 260 1946 quse
283 1874 392 1928 orationi
404 1872 525 1926 adiuncta
536 1872 637 1925 animos
649 1870 765 1925 fidelium
776 1873 809 1925 ad
821 1871 917 1926 christi
933 1891 1035 1929 erucem
1052 1877 1177 1931 eveheret
1212 1877 1281 1933 'ium

122 1961 155 2012 itu
169 1961 288 2015 subiicit:
326 1959 389 2022 Quis
405 1975 500 2028 separe
519 1958 622 2010 audebit
642 1957 777 2010 oliudboc
793 1975 935 2028 essequam
955 1963 1023 2030 qood
1036 1963 1128 2016 scribit
1143 1963 1281 2028 Βοκωνίου,

122 2047 203 2098 dicere
214 2045 391 2116 Epiphaniam
402 2047 471 2114 sigui
481 2047 566 2096 cruces
577 2047 669 2096 virtute
680 2045 752 2096 ι’ίίαιιι
760 2045 934 2098 mulierculam
942 2049 1021 2107 finisse
1026 2050 1143 2116 periculo
1153 2053 1282 2120 ereptum!

120 2131 185 2185 llsec
195 2131 248 2186 illa.
285 2129 337 2184 Sed
349 2145 429 2200 quem
439 2129 529 2200 iniqua
541 2129 589 2197 sit,
606 2129 672 2182 utin
684 2129 814 2198 plerisque
826 2129 897 2194 eliis,
914 2129 1062 2186 Gasenboni
1079 2133 1124 2187 ills
1135 2135 1282 2206 castigatio,

121 2231 247 2287 quamque
260 2217 402 2270 oscitanter
413 2213 479 2268 benc
495 2213 633 2285 Epiphanii
644 2213 779 2268 historiam
796 2216 900 2285 legerit,
915 2231 948 2269 ex
960 2233 991 2270 eo
1007 2219 1070 2272 satia
1085 2225 1193 2291 apparet
1213 2219 1282 2290 quod

120 2301 193 2356 Num.
202 2321 260 2357 vm.
271 2299 551 2373 scripsitlipiphuniua:
565 2296 598 2360 ὧς
611 2293 653 2350 οὖν
665 2299 815 2370 κατίσχυσαν
828 2297 850 2352 oi
862 2301 955 2370 γόητες.
981 2300 1020 2354 διὰ
1032 2301 1079 2374 γὰρ
1091 2309 1133 2372 τῆς
1146 2307 1281 2378 σφραγῖδος

120 2391 161 2440 τοῦ
172 2387 279 2458 Χριστοῦ
291 2387 332 2440 καί
344 2387 447 2446 πίστεως
458 2383 578 2454 thuribulis
590 2382 605 2450 ἡ
618 2385 686 2454 γυνή.
698 2385 762 2438 Mor
774 2389 847 2437 τοῦτο
859 2385 939 2456 τρίτον
951 2385 1109 2462 τῷἸωσιίτῳ
1122 2391 1281 2464 κατηχήσεως

119 2469 188 2544 ἔργον
200 2471 309 2546 ἐγίνετο,
322 2469 359 2524 ὅτι
371 2471 417 2523 οὖα
425 2467 539 2541 ίσχυσεν,
552 2466 609 2521 ἔνθα
625 2463 703 2539 ὄνομα
715 2471 820 2541 Χριστοῦ
832 2470 872 2522 καί
884 2473 987 2544 σφραγίς
999 2479 1117 2548 σταυροῦ,
1132 2478 1282 2549 φαρμακείας

119 2558 224 2629 δύναμις.
262 2556 330 2622 Quid
341 2555 411 2611 aliud
421 2554 580 2628 Epiphanius
591 2562 680 2608 narrat
688 2572 765 2625 quam
777 2557 860 2609 crucis
871 2559 1010 2629 praecipue
1022 2561 1127 2632 signum
1141 2567 1167 2616 et
1178 2563 1282 2618 invoca-

118 2645 213 2699 tionem
225 2644 342 2699 nominis
354 2641 450 2698 Christi
460 2641 562 2695 mulieri
573 2641 731 2711 praesidium
751 2643 886 2696 attulisset
920 2644 1024 2698 infinita
1039 2655 1100 2700 sunt
1115 2649 1283 2718 antiquorum

118 2729 163 2786 PP.
174 2730 340 2794 testimonia,
352 2728 447 2798 quibus
455 2727 519 2781 illud
531 2725 601 2797 qued
612 2726 782 2781 Ceauubonns
791 2734 872 2798 neget
883 2729 1004 2784 efficitur:
1021 2737 1134 2787 veterem
1146 2737 1283 2789 eeclesiam

118 2815 168 2870 nn
180 2815 316 2887 qusndm
328 2815 436 2868 salutm
448 2813 531 2867 erucis
544 2813 620 2882 signo
632 2813 761 2869 tribuisse.
797 2813 907 2867 caetera
922 2821 951 2868 ut
966 2817 1098 2885 omittsm,
1114 2835 1182 2872 unus
1199 2822 1282 2874 omni·

118 2917 160 2955 uuu
171 2902 257 2956 instar
268 2901 317 2956 erit
327 2899 483 2954 Nuiensenl
493 2899 566 2952 locus
578 2914 612 2952 eu
624 2897 694 2951 Orat
707 2900 976 2958 111.cont.lulianum.
1003 2899 1054 2956 Ubi
1065 2903 1192 2974 perfidum
1207 2906 1283 2960 illurn

118 2987 285 3057 samogam
296 2989 385 3040 umet
409 3001 512 3038 summo
528 3000 576 3037 sno
594 2985 619 3037 in
637 2991 708 3038 metu
726 3001 756 3039 ac
773 2985 920 3040 discrimine
932 2988 964 3039 sd
981 2988 1064 3042 crucis
1082 2990 1230 3060 confugisse
1247 2991 1282 3045 ai-

117 3087 199 3142 guum
216 3087 304 3144 eoque
316 3071 455 3125 daemones
467 3071 586 3140 iugasso=
608 3057 707 3121 ίιιίτον
724 3071 827 3142 σταυρὸν
845 3072 991 3142 καταφεύγει
1010 3073 1049 3124 sul
1060 3074 1089 3125 c'o
1103 3075 1207 3126 aulatis
1220 3073 1282 3148 ρίιρ-

118 3175 209 3228 μανον,
223 3157 267 3210 aul
278 3157 360 3226 τούτῳ
373 3160 513 3227 σημειοῦται
525 3151 587 3206 κατὰ
599 3155 648 3206 τῶν
666 3155 763 3224 φόβων,
780 3157 820 3208 καί
838 3155 927 3224 pondis
945 3159 1047 3210 ποιεῖται
1064 3158 1106 3211 τὀν
1124 3160 1282 3232 διωκόμενον,

115 3243 155 3294 καλ
166 3239 199 3296 τίι
210 3239 267 3310 ίξῆς
279 3243 471 3313 φρικωδέστερον,
486 3240 587 3310 ἴσχυσεν
598 3237 613 3306 ἡ
627 3240 737 3310 σφραγίς·
749 3239 870 3307 ἡττῶνται
879 3239 902 3293 οἱ
913 3241 1037 3314 δαίμονες,
1049 3243 1149 3297 λύονται
1161 3245 1183 3298 el
1201 3247 1281 3318 φόβοι.

116 3327 168 3382 lise
176 3329 300 3383 ebsimile
312 3343 343 3382 eo
360 3327 428 3398 quod
438 3327 469 3381 de
480 3332 571 3380 sancte
579 3327 677 3380 Iustino
686 3327 816 3397 proditum
826 3333 877 3392 est,
898 3343 965 3398 qnae
977 3345 1037 3383 cum
1045 3345 1061 3383 e
1069 3331 1161 3385 iuvene
1170 3334 1284 3404 quodum

117 3414 148 3468 ad
156 3411 296 3469 libidinem
302 3413 424 3484 Cypriani
432 3413 505 3484 megi
516 3413 616 3466 ortibus
627 3412 801 3483 pelliceretur,
813 3413 960 3468 immissum
970 3415 1020 3469 sibi
1029 3415 1183 3471 daemonem
1192 3421 1283 3474 eodem

118 3501 201 3554 crucis
218 3499 299 3570 signo
314 3499 421 3569 repulit;
443 3499 511 3569 quod
528 3515 562 3552 ex
578 3497 707 3552 Eudooiae
724 3499 857 3569 Augustae
875 3499 945 3552 Oret
962 3500 993 3554 de
1014 3501 1041 3555 S.
1059 3501 1188 3574 Cypriane
1205 3505 1284 3560 reiert

115 3583 226 3640 Photius
247 3583 280 3640 N.
299 3597 484 3638 σοοοιαιιινι
514 3586 570 3645 uois
587 3601 613 3636 τε
633 3581 783 3653 βιαιοτάτους
811 3584 851 3636 καί
878 3583 1068 3656 χαλεπωτάτους
1089 3591 1138 3640 τῶν
1159 3589 1282 3661 δαιμόνων

117 3670 215 3742 πέμψας
228 3667 268 3722 inl
280 3667 324 3736 τὴν
336 3667 468 3740 παρθένον,
484 3669 525 3722 καί
535 3667 707 3740 ᾐσχυμμένονς
718 3669 759 3720 καί
770 3670 935 3740 νενικημένους
946 3675 989 3724 τοῦ
1002 3677 1108 3744 σταυροῦ
1124 3679 1160 3744 τῷ
1175 3676 1246 3746 τίαιρ
1258 3673 1283 3736 tt

118 3753 199 3807 αὐτῶν
212 3753 311 3808 έκείνων
320 3751 459 3825 dispulsis.
477 3753 559 3824 Igitur
569 3760 612 3806 unii
622 3760 728 3828 σταυροῦ
737 3759 773 3826 τῷ
783 3756 854 3825 cliuos
865 3756 971 3826 perinde
981 3763 1011 3810 ul
1019 3758 1099 3811 altera
1107 3759 1163 3825 illa,
1175 3759 1282 3827 Iustina,

117 3841 275 3895 dsemonem
286 3839 396 3910 fugauit
416 3839 507 3910 licque
519 3841 601 3894 mucis
614 3841 742 3894 duntaxat
752 3857 877 3912 expressa
887 3841 984 3912 figure,
996 3843 1042 3896 sed
1053 3843 1132 3897 etiem
1144 3843 1174 3898 B.
1184 3845 1283 3900 Marius

117 3926 230 3998 virginis
240 3926 412 3990 insecutione,
424 3931 454 3978 ut
464 3923 800 3980 NaaisnsenusOrstxunu.
814 3927 939 3998 scriptum
949 3928 1064 3998 reliquit:
1083 3928 1128 3981 list
1139 3928 1183 3996 τὴν
1195 3931 1283 4002 rcapti·

117 4029 157 4064 νον
169 4011 271 4084 Μαρίαν
288 4009 427 4064 ίιιετεέονσα
444 4010 563 4080 βοηθῆσαι
579 4011 692 4082 παρθένῳ
710 4011 884 4083 αινδινευοιίσῃ;
919 4011 956 4066 Et
971 4018 1093 4084 virginem
1108 4015 1225 4068 Marium
1241 4037 1282 4070 ro·

117 4115 196 4164 ςαιιι,
220 4105 252 4150 nt
257 4099 420 4167 periclitanti
429 4099 526 4165 uirgini
536 4099 703 4166 opsmserret.
737 4095 809 4161 Quae
824 4097 891 4150 tanti
905 4096 989 4150 Petris
1002 4099 1126 4153 autoritas
1142 4099 1281 4158 hodiernae

117 4190 204 4238 sactae
215 4183 376 4254 imperitiam
386 4182 597 4253 impietatemque
609 4181 772 4235 condemnat

184 4267 218 4322 N.
231 4281 270 4323 tm
282 4265 445 4338 Ὗιιοληρίίείς
456 4265 483 4319 dt
500 4265 632 4338 τελευτᾷν.)
666 4265 750 4320 Antea
771 4257 908 4338 legebetnr
926 4265 1083 4339 ὑπολειφθείς.
1118 4270 1201 4328 Vertit
1212 4275 1281 4330 enim

117 4353 195 4411 Gom.
207 4355 361 4424 relictusque
372 4355 437 4407 uelut
448 4356 591 4406 moritum.
625 4351 679 4406 Noa
696 4368 729 4406 ex
745 4351 828 4422 Regio
844 4353 931 4406 codice
949 4352 1094 4426 ὑποληφθείς
1110 4359 1279 4418 restituimus.

119 4439 194 4504 Quod
211 4445 240 4493 et
255 4439 411 4492 narrationis
426 4439 505 4493 series
522 4439 643 4511 postulat
677 4436 767 4508 Neque
784 4438 853 4491 enim
869 4439 1051 4494 moribundum
1066 4441 1221 4502 Iudaeorum
1238 4463 1280 4501 eo.

118 4527 194 4597 gnati
205 4524 385 4590 deseruerant,
397 4541 462 4597 quos
470 4526 610 4594 mysticum
618 4523 682 4578 illud
690 4523 850 4576 insusuresse
860 4523 928 4577 dicit
944 4525 992 4579 Hic
1000 4525 1172 4599 Epiphanium
1182 4533 1280 4588 otiosus
1304 4547 1366 4601 ρετ.

120 4611 230 4682 quidsm
241 4617 354 4682 nugator
363 4611 459 4667 nimiae
471 4611 629 4667 sedulitatis
640 4615 758 4676 accusat,
774 4609 844 4680 quod
853 4609 922 4664 talea
931 4609 1021 4670 ludsei
1031 4613 1109 4670 unius
1120 4621 1166 4672 aut
1173 4618 1279 4674 alterius

1034 4715 1077 4774 ς.
