3252 5158
1155 401 1158 408 “
1176 403 1282 462 oxum

183 553 215 610 ti.
227 573 267 612 ru.
292 556 339 610 ilai
351 555 388 609 ire
400 555 444 628 μὲν
456 555 469 610 i
482 556 654 628 Μελχισεδέκ]
679 557 753 621 Quod
770 557 805 610 eit
821 573 932 612 acumen
947 559 975 612 in
990 558 1035 612 illa
1050 557 1189 629 Epiphanii
1203 559 1282 614 ratio·

122 642 260 708 ainatioue,
277 644 323 696 rix
338 644 444 714 aeeequi
456 659 572 714 porrum.
607 643 642 696 Ut
652 641 785 697 bominem
796 643 878 696 iuieee
889 642 1105 698 Melchisedeeum
1117 661 1151 697 ex
1163 646 1282 715 apostolo

122 727 287 794 demonetret,
302 726 368 782 baeo
378 729 450 782 illine
461 730 541 782 rerba
556 729 691 800 proponit:
708 725 722 780 ὁ
735 726 763 779 di
773 727 807 798 μὴ
819 727 1040 799 γενεαλογούμενος
1052 725 1077 790 ii
1090 730 1171 782 αὐτῶν
1184 729 1282 782 δεδεκά-

121 829 181 864 tentr
189 809 233 865 the
242 810 402 885 πατριάρχην.
419 813 460 867 lix
470 815 565 885 quibua
573 815 612 868 ita
620 814 731 884 colligit:
745 812 821 880 δῆλον
831 807 874 866 οὖν
883 811 920 866 ire
929 811 954 874 ii
964 812 1045 867 αὐτῶν
1055 813 1083 866 od
1094 815 1282 886 γενεαλογέῖτοι.

121 897 188 962 Quae
199 897 264 952 nihil
276 899 309 952 ad
320 899 467 953 inetitntam
478 900 660 970 probationem
672 901 794 964 attinent,
810 915 860 952 neo
870 897 923 952 illie
935 900 1041 954 omnino
1053 901 1137 954 rerbie
1150 899 1282 954 bominem

120 983 235 1037 adduae
247 984 321 1038 deoet
332 987 475 1056 apoetolue.
509 985 593 1050 Quare
604 985 746 1038 mendosus
754 983 797 1038 bio
808 985 881 1038 loona
893 984 1003 1050 videtur,
1015 991 1041 1038 et
1050 986 1089 1038 ita
1099 987 1282 1056 corrigendus:

121 1067 192 1135 δῆλον
204 1063 247 1121 οὖν
260 1067 297 1121 ὅτι
308 1067 333 1130 ἐξ
345 1067 433 1142 ittpen
445 1069 632 1141 γενοολογυϊταυ
666 1069 735 1124 Nam
746 1087 780 1123 ex
792 1085 836 1135 eo,
851 1071 920 1141 quod
932 1071 1064 1140 apostolus
1077 1071 1158 1136 dieat,
1174 1069 1282 1126 Melchi-

120 1153 237 1208 redeoum
250 1153 280 1206 et
291 1154 489 1226 γενοαλογέϊοθοι
500 1153 527 1208 ia
539 1159 584 1207 τοῦ
596 1153 721 1227 ’λβροὰμ,
740 1162 785 1208 aut
796 1153 823 1207 ia
834 1159 884 1208 τῶν
896 1157 1010 1221 Λευιτῶν,
1021 1162 1155 1227 utcunque
1166 1157 1283 1227 sequitur

120 1236 243 1310 lilripmu
254 1239 465 1311 γονεολογέῑσθαι,
477 1239 527 1296 boo
540 1247 580 1294 eet
590 1248 725 1305 externae,
738 1241 906 1311 diversaeque
918 1241 952 1294 ab
964 1241 1015 1294 illis
1026 1242 1114 1312 stirpis
1126 1242 1215 1296 fuisse.

183 1321 269 1386 Ἠλίας
282 1322 295 1376 ὁ
308 1325 445 1394 Baebium]
465 1327 548 1380 liliam
561 1343 575 1381 e
587 1327 832 1380 eaoerdoteli.iuieee
845 1327 925 1397 etirpe
936 1327 1114 1381 Hebraeorum
1124 1329 1175 1381 tert
1186 1328 1282 1399 opinio,

120 1410 163 1480 qui
176 1410 290 1464 eundern
305 1410 380 1464 illum
395 1410 496 1465 iaciunt
511 1427 572 1465 enm
588 1411 699 1466 Phineea
716 1412 832 1465 Eleazari
849 1411 914 1466 illio.
949 1413 1022 1466 Hane
1039 1413 1189 1484 opinionem
1205 1414 1284 1468 reiert
1309 1421 1386 1474 uate.

119 1493 251 1550 Kinehiue
268 1496 303 1549 ad
319 1496 364 1551 lib.
380 1513 419 1552 ur.
437 1496 502 1567 neg.
520 1513 576 1568 cap.
590 1515 665 1562 xvir,
682 1514 731 1552 nee
748 1499 776 1551 in
794 1513 826 1550 ea
841 1501 930 1551 tamen
948 1499 1101 1568 acquieeoit;
1119 1497 1283 1570 amplectitur

119 1585 204 1636 auteur
214 1579 287 1636 nun
297 1582 326 1634 in
337 1597 401 1635 rooe
413 1580 512 1636 Tbiebi.
534 1581 624 1652 Neque
635 1599 696 1636 uero
708 1583 735 1636 id
747 1582 858 1636 Hebraei
868 1587 968 1636 ueteres
981 1599 1071 1637 omnee
1083 1585 1200 1637 arbitrati
1213 1591 1282 1640 sunt.

119 1664 251 1736 Siquidem
260 1683 294 1720 ex
303 1665 394 1720 eodem
403 1666 502 1720 Davide
512 1673 613 1722 constat
624 1667 763 1722 nonnullos
776 1669 871 1721 etribn
881 1667 951 1733 Gad,
963 1669 1028 1721 aiios
1040 1681 1055 1722 e
1066 1669 1135 1722 tribu
1144 1668 1282 1723 Henienriu

118 1749 199 1804 Elium
211 1751 349 1806 oriundum
361 1758 476 1822 putasse.
508 1753 567 1823 lpee
579 1758 666 1806 autem
678 1755 741 1806 oerti
752 1751 818 1806 nihil
829 1752 950 1806 affirmat.
984 1753 1005 1806 H
1018 1751 1170 1808 Christianis
1181 1761 1283 1825 praeter

118 1835 305 1907 Epiphaniam,
325 1837 530 1892 Alexandrinum
548 1837 694 1892 Gbronieon
711 1855 773 1909 pag.
787 1837 845 1891 376.
861 1838 1047 1892 sacerdotalem
1063 1839 1136 1892 Hliue
1154 1841 1282 1910 originem

117 1920 242 1976 adscribit
255 1922 377 1993 additque
389 1921 524 1976 Thiabiten
540 1923 636 1977 dietum
653 1940 669 1977 a
681 1923 770 1977 'l’biebi
787 1923 941 1978 sacerdotali
952 1924 1016 1978 urbe
1027 1926 1055 1978 iu
1067 1925 1171 1980 Arabia.
1208 1924 1282 1988 Quod

118 2021 150 2062 ex
164 2007 232 2062 b'bro
249 2008 281 2060 de
292 2008 352 2062 Vita
368 2007 567 2078 Prophetarum,
583 2010 629 2078 qui
645 2007 783 2080 Epiphanii
794 2010 900 2062 nomine
911 2010 1069 2074 inscribitur,
1085 2015 1233 2064 mutuatum
1244 2011 1281 2064 ri·

118 2091 196 2146 datum
219 2090 320 2162 Ἠλίας,
335 2095 435 2162 inquit,
454 2090 466 2145 ὃ
479 2094 614 2163 προφήτης·
628 2087 698 2155 οὗτος
710 2089 739 2160 ἦν
752 2092 779 2146 ἐκ
791 2093 904 2164 Θεοβῶν,
922 2092 949 2146 da
961 2097 1005 2164 γῆς
1018 2091 1141 2164 Ἀράβων,
1160 2093 1187 2146 da
1204 2095 1281 2164 φυλῆς

117 2175 218 2248 Ἀαρὼν,
231 2177 342 2247 Λευίτης,
355 2175 429 2230 οἰκῶν
438 2175 462 2230 ἐν
471 2175 586 2246 Γαλαὰδ,
599 2175 660 2245 itti)
669 2178 755 2248 Θέοβις
768 2179 841 2248 δῶμα
853 2173 881 2244 ἦν
894 2183 945 2239 τοῖς
957 2178 1043 2252 ἱερεῦσι
1056 2180 1180 2250 δεδομένη.
1199 2179 1282 2243 Quem

117 2263 148 2315 ed
159 2264 247 2318 lotum
258 2264 472 2334 superintendens
485 2267 572 2318 nereio
585 2265 643 2334 quie
656 2280 670 2317 e
681 2263 836 2318 Lutberanie
848 2267 893 2334 qui
904 2265 1046 2318 norieeime
1057 2265 1153 2318 librum
1164 2265 1239 2318 ilium
1251 2265 1281 2317 de

117 2347 250 2420 prophetie
261 2349 438 2420 interpolavit,
449 2349 558 2402 mirifice
570 2354 683 2414 aeetrmt,
695 2356 724 2402 nt
734 2350 793 2402 iliae
804 2365 895 2414 roceo,
908 2347 934 2401 ἐκ
947 2353 991 2420 γῆς
1004 2347 1123 2420 ’λράβων,
1136 2357 1279 2420 expungat.

118 2432 187 2497 Quae
204 2433 311 2506 quidem
327 2433 477 2505 parentbeei
493 2435 612 2499 inelueit,
632 2440 662 2488 ut
679 2435 778 2488 alienae
799 2452 855 2488 esse
876 2435 1014 2506 significet.
1048 2435 1079 2486 Si
1095 2440 1171 2499 enim,
1188 2437 1281 2505 inquit,

120 2519 227 2573 ihiedea
239 2525 266 2572 e'n
278 2521 382 2574 Arabio
400 2521 590 2585 eotbcatemae,
608 2539 656 2573 non
673 2523 783 2590 amplior
799 2523 836 2573 nd
852 2525 919 2574 ca'oee
933 2522 1115 2583 Giieadt'te'eoe,
1132 2522 1173 2572 uei
1189 2523 1226 2574 ud
1241 2539 1281 2573 re·

115 2623 190 2673 ymen
201 2605 378 2658 Iuniiitieun
385 2606 532 2676 pertinebit.
554 2605 602 2659 Hie
618 2607 794 2659 coniecturam
811 2621 886 2659 enam
902 2605 1013 2667 adtexit;
1031 2611 1057 2658 et
1067 2604 1187 2659 videlicet
1203 2622 1281 2676 qnae·

116 2690 196 2744 reuda
205 2691 310 2744 oemio
321 2689 373 2744 tuit
383 2690 509 2744 adrereua
519 2689 662 2744 monachos
674 2689 848 2754 declamandi,
861 2707 970 2760 quorum
982 2691 1085 2744 inscitia
1096 2692 1210 2744 intrusus
1222 2691 1280 2744 illae

116 2776 223 2830 toeniae
235 2777 388 2848 euepieetm.
423 2776 489 2831 sium
502 2776 571 2830 enim
583 2773 610 2827 ia
622 2774 699 2844 φυλῆς
711 2774 808 2846 Ἀαρὼν
819 2777 955 2845 legeretur,
971 2775 1073 2845 aliaque
1090 2775 1124 2828 ed
1135 2777 1281 2846 marginem

115 2859 242 2916 emnem
252 2861 320 2916 ieret
329 2862 420 2927 leutio,
432 2858 459 2913 ia
471 2864 515 2931 γῆς
527 2857 647 2930 Ἀράβων,
661 2879 692 2913 eo
704 2869 843 2924 erercente,
860 2861 956 2929 inquit,
969 2860 1146 2914 monachorum
1159 2863 1281 2914 durior-ie

116 2951 235 3018 inipem
244 2951 343 3001 autom
351 2955 490 3001 contextum
499 2950 669 3016 receptusuit.
687 2945 738 2999 Sed
750 2946 777 3000 in
789 2961 820 2998 ea
831 2946 980 2998 coniectura
991 2961 1120 2998 summam
1132 2947 1180 2999 iete
1192 2952 1281 3016 pastor

115 3032 274 3104 imperitiam
285 3047 360 3086 ruam
372 3049 403 3086 ar
413 3032 546 3086 levitatem
558 3031 663 3085 detexit.
681 3029 770 3100 Neque
782 3031 851 3082 enim
863 3030 939 3082 seivit
946 3031 1070 3084 Arabiam
1082 3031 1144 3083 olim
1153 3031 1281 3085 latissime

115 3118 244 3188 patuieee,
255 3124 349 3172 utnon
361 3117 439 3171 modo
451 3117 674 3180 Traneamneuae‚
686 3131 732 3168 eeu
744 3115 867 3179 Peraeae,
879 3116 1005 3186 optimam
1017 3120 1130 3186 purtem,
1143 3117 1188 3170 red
1201 3119 1281 3170 etiam

117 3201 285 3258 Oueleeiriarn
296 3219 326 3258 ao
337 3203 495 3257 Damascum
507 3202 644 3274 complexa
655 3202 696 3254 ait.
723 3199 855 3270 Siquidem
868 3201 941 3270 regio
952 3201 1010 3271 ipea
1021 3199 1109 3254 Baean
1121 3207 1147 3254 et
1160 3201 1280 3256 Galaadi-

115 3289 148 3341 tie
159 3289 259 3343 Arabia
275 3289 463 3354 continebatur,
482 3295 571 3342 autore
589 3287 745 3355 Hieronymo
762 3285 789 3338 in
806 3303 834 3340 n.
850 3283 910 3338 Rea.
928 3292 954 3339 et
970 3287 997 3339 in
1009 3286 1134 3352 Abdiam3
1152 3288 1197 3342 ubi
1214 3303 1280 3358 quae

115 3374 187 3442 priua
198 3374 344 3428 rotabatur
355 3373 466 3439 Galead,
482 3391 539 3427 eam
550 3379 641 3444 postea
651 3371 812 3425 nominatam
823 3371 959 3435 Arabiam,
976 3376 1002 3424 et
1012 3380 1143 3442 postremo
1155 3389 1202 3426 eno
1215 3378 1279 3427 tem·

115 3475 177 3528 pore
195 3458 336 3526 Heraeam,
353 3461 480 3514 obeerrat.
517 3459 554 3512 De
571 3455 698 3511 Hemeseo
710 3453 816 3510 Tertull.
830 3455 874 3510 lib.
885 3473 923 3510 111.
936 3471 957 3508 o.
970 3457 1050 3510 Mare.
1068 3472 1124 3528 cap.
1136 3475 1204 3524 nen,
1224 3459 1279 3512 Do·

115 3561 230 3608 merea,
245 3546 342 3618 inquit,
359 3546 478 3598 Arabiae
493 3555 561 3597 retro
577 3541 754 3614 deputabatur,
772 3551 905 3610 antequam
922 3546 1080 3612 uurzeemptn
1093 3548 1193 3596 taretin
1204 3543 1279 3614 Syro·

110 3629 263 3700 phoenicen.
286 3631 397 3686 Arabiae
408 3631 494 3699 itaque
506 3628 609 3682 nomine
625 3627 690 3681 liber
706 3627 749 3681 ille
768 3625 798 3679 de
815 3624 1003 3698 Prophetarum
1014 3627 1074 3680 vita
1091 3625 1279 3682 Galaaditidem

115 3715 253 3769 intellexit.
287 3717 322 3769 et
331 3714 465 3770 Himohiue
476 3714 514 3768 ita
524 3713 688 3766 nominatum
699 3717 786 3784 putet:
806 3711 902 3776 'rein
921 3719 1012 3774 min
1031 3712 1175 3777 Unum
1193 3721 1279 3783 'tim

116 3812 227 3882 νοω
245 3815 309 3870 um*
327 3813 363 3902 q:
385 3815 475 3872 enm
499 3779 601 3882 nhttb
620 3792 674 3860 λου
686 3813 737 3870 est,
759 3807 791 3860 ae
809 3807 882 3870 orte,
903 3811 930 3858 u
947 3825 997 3876 qua
1012 3811 1121 3876 pamm
1139 3809 1279 3871 terruere·

115 3905 181 3956 ande
188 3912 282 3973 poeteo
296 3908 323 3956 in
338 3903 446 3956 (inland
455 3906 584 3970 mipruue't.
607 3899 678 3964 Quae
697 3900 801 3970 quidem
817 3899 924 3954 Daridis
942 3902 1021 3954 rerba
1037 3899 1107 3954 Elias
1124 3900 1214 3954 Levita
1229 3902 1279 3956 He·

115 3987 211 4042 hraoue
228 3987 394 4042 doetieaimue
409 4001 573 4058 nequaquam
588 3985 725 4042 intellexit.
761 3984 828 4038 Nam
845 3986 915 4039 illine
933 3986 1089 4038 sententiam
1106 3987 1144 4042 aio
1160 3988 1278 4057 exponit:

116 4097 180 4151 um
202 4093 240 4184 qn
264 4092 602 4152 intrumentum
625 4093 705 4151 eum
727 4095 791 4148 :ue
815 4088 1032 4152 retinuero
1053 4093 1144 4150 uem
1166 4065 1278 4182 pium

116 4163 202 4267 ‘ruha
221 4199 357 4254 aartri-eu
375 4198 460 4282 erpa
478 4163 559 4262 nub
576 4195 667 4252 uren
687 4160 733 4262 ab
751 4161 821 4260 hate
840 4161 955 4264 rehtu.
980 4191 1035 4244 Hoc
1047 4197 1097 4244 ese:
1116 4191 1147 4245 a.
1163 4191 1278 4244 nnum-

116 4275 159 4330 eltr'
169 4283 210 4330 rio
221 4282 416 4349 interpretetur.-
442 4276 515 4336 Quod
525 4279 597 4328 initio
610 4273 766 4327 dubitauerit
775 4280 802 4326 in
814 4275 886 4337 urbe,
903 4279 975 4328 cuiue
985 4293 1071 4328 nomeu
1084 4285 1142 4328 erut
1156 4275 1179 4328 T
1176 4277 1278 4342 netad,

111 4373 205 4434 portua
217 4368 314 4416 veroin
328 4361 604 4429 Goiaudma'qrouere't.
634 4359 724 4414 Verum
742 4377 789 4412 oon
807 4361 932 4429 explieat,
948 4379 1027 4429 quare
1043 4364 1126 4414 dictur
1142 4366 1176 4414 eit
1191 4381 1220 4414 erc
1232 4362 1278 4416 iu-

116 4447 269 4502 ditoteridue
279 4448 394 4502 Guiaod.
411 4447 491 4517 Atqui
502 4447 583 4510 aliter,
595 4446 646 4500 niel
656 4445 740 4510 failor,
750 4443 886 4498 Kimcbius
898 4445 1062 4517 accipiendus
1075 4452 1121 4499 est.
1138 4445 1197 4500 Non
1209 4449 1279 4501 enirn

116 4539 312 4587 temetnomen
320 4533 391 4586 urbie
403 4531 484 4586 luisse
497 4536 603 4596 atrurn,
615 4529 685 4601 quod
693 4527 835 4584 abenrtlum
845 4535 895 4596 eet,
908 4530 953 4584 eed
962 4520 1011 4598 ibi,
1023 4532 1051 4586 iu
1061 4548 1092 4584 ea
1100 4532 1198 4586 seilicet
1206 4533 1277 4598 urbe,

116 4617 166 4674 hoo
184 4615 338 4684 eetThiebi,
355 4619 482 4690 principio
500 4615 655 4672 consedisse.
691 4615 775 4680 Quare
791 4615 932 4688 legendum
950 4623 990 4672 eet
1006 4602 1095 4706 :repud
1111 4635 1165 4673 non
1182 4605 1278 4707 ffltpqp’.

168 4764 236 4814 corp.
250 4764 373 4808 Haereeeol.
381 4765 419 4812 111.
1052 4753 1076 4807 N
