3210 5154
339 421 380 485 38
665 435 844 488 ntundnan
862 435 897 486 uu
916 435 1070 488 τεννττετν.
1090 434 1163 487 rau.

339 552 380 604 nbi
397 552 429 604 el.
445 552 528 604 editor
539 552 587 620 legi
598 552 683 604 iubet:
703 547 787 620 ὥςπερ
800 552 850 622 γὰρ
867 555 893 608 εί
903 572 942 615 τις
957 565 1004 605 net.
1020 571 1083 622 quae
1094 551 1237 604 emendatio
1249 561 1394 622 comparato
1406 561 1487 604 nurtru

337 638 395 690 locu
421 637 614 690 commendatur.
650 640 688 690 De
713 639 828 706 enallage
849 639 981 690 modorum
1001 638 1050 690 rid.
1069 641 1187 690 Hulihiue.
1214 639 1323 690 Granum.
1345 639 1388 690 Gr.
1410 637 1486 708 Δωρί.

338 725 367 793 §.
386 727 443 774 888.
467 733 552 773 annot.
571 728 595 774 1.

405 810 432 858 P.
450 811 498 858 888
519 806 604 874 (197).
636 797 809 877 nituerit
836 808 869 863 έν
893 803 981 880 α’ρχη·
1006 808 1092 876 πρός
1113 807 1172 864 τὸν
1205 805 1300 876 8εο’ν]
1331 809 1489 860 Μίοοοοοττ
1549 779 1557 788 ’

337 903 376 944 ert
389 892 446 954 iata,
463 910 526 960 qnae
544 894 617 962 paulu
633 905 690 962 puat
704 894 823 956 recurrit,
840 893 1007 964 discrepantia
1022 895 1136 946 lectionis
1149 895 1175 945 in
1189 895 1248 946 locu
1262 913 1303 964 ap.
1318 897 1350 946 lt.
1369 897 1414 945 Eu.
1432 897 1449 944 l.
1466 897 1489 944 1.

337 968 440 1037 οὗτος
456 967 476 1045 η’
484 997 496 1030 ν
513 975 539 1031 έν
555 973 624 1048 α’ρχῇ
641 976 704 1044 nni<
719 976 764 1032 τὸν
781 977 848 1034 ‘ltin

405 1063 601 1131 11878008).
626 1058 703 1116 Ἐπί
730 1061 863 1117 τούτων
973 1059 1109 1133 ου’τοῦ·]
1129 1065 1199 1115 llaec
1220 1082 1265 1132 per
1287 1082 1315 1115 οο
1338 1063 1489 1128 interponite,

337 1163 417 1214 neque
433 1147 535 1218 τελείᾳ,
560 1149 604 1199 aad
622 1148 689 1217 μέσῃ
709 1167 722 1199 a
741 1149 863 1216 prioribus
882 1149 1020 1200 dirimenda
1038 1162 1111 1211 nunt,
1130 1151 1165 1200 itn
1182 1161 1209 1200 ut
1227 1149 1352 1217 proximu:
1371 1144 1434 1203 ἀλλά
1447 1141 1490 1202 οὔκ

337 1232 363 1287 έν
376 1237 414 1303 τῷ
430 1239 584 1301 παρεπινοεῖν
600 1245 649 1286 cet.
664 1234 696 1284 ad
713 1251 856 1302 praegressa
875 1253 898 1302 p.
917 1239 966 1285 818
983 1234 1059 1302 (808)
1083 1230 1149 1289 α’λλοὶ
1167 1233 1193 1288 έν
1209 1234 1247 1304 τῷ
1266 1271 1313 1286 ...
1329 1231 1488 1300 προςεπεξερ-

336 1315 461 1387 χάζεσθαι
479 1329 526 1369 cet.
544 1319 692 1370 relerentur.

405 1407 431 1455 P.
448 1409 497 1455 884
514 1405 597 1472 (tot).
615 1402 738 1470 ἑτέραν
759 1404 901 1470 αἵρεσιν
919 1404 1137 1474 εἰςηγήοατο
1155 1404 1325 1474 ἐχομένην
1340 1404 1489 1470 τῆςπρο-

337 1489 449 1557 τέρας]
474 1491 555 1556 Vulgo
572 1488 706 1558 έχομένηςε
730 1488 850 1558 ἐχομένην
874 1493 986 1543 oehlerus
1009 1490 1041 1540 de
1058 1493 1152 1544 Petunt
1170 1491 1328 1550 coniectura,
1356 1499 1440 1548 recte,
1456 1487 1490 1537 ri-

337 1575 437 1643 quidem
453 1572 557 1643 έχτσοαί
573 1591 637 1634 τινος
651 1585 689 1625 ενι
703 1589 828 1638 nunpruere
842 1591 896 1626 turn
912 1579 1033 1639 aliquare
1077 1577 1197 1639 Epiphun.
1212 1577 1242 1626 T.
1260 1577 1289 1624 ΙΙ.
1313 1593 1340 1642 p.
1353 1578 1401 1624 814
1419 1575 1488 1641 (itt)

338 1653 396 1712 οὔτε
412 1659 541 1726 προκοπῆς
554 1657 640 1728 έχεται
653 1656 682 1712 ru*
698 1661 773 1712 8εῖον.
808 1660 906 1710 vinens
922 1677 976 1710 rnea
993 1661 1023 1710 nd
1041 1663 1073 1712 lu.
1092 1663 1157 1722 Glpu.
1174 1662 1211 1710 Du
1228 1661 1258 1706 V.
1268 1662 1292 1708 8.
1304 1659 1332 1708 li.
1353 1679 1376 1726 p.
1387 1661 1426 1709 80.
1441 1677 1475 1726 aq.

406 1745 431 1794 P.
450 1748 499 1795 888
517 1743 599 1811 (808).
623 1746 669 1814 τῷ
693 1742 787 1798 ἰδίου
813 1745 962 1815 χωρηγῷ
989 1745 1051 1812 ίοῦ]
1073 1743 1120 1814 Τῷ
1145 1755 1204 1796 ante
1227 1745 1353 1798 lutirecte
1373 1745 1490 1805 deletum,

338 1847 418 1898 neque
439 1840 492 1891 eet,
511 1829 578 1897 quud
595 1829 628 1879 tle
645 1829 688 1882 τοῦ
711 1829 859 1898 reponendo
882 1831 983 1897 cogitet.
1019 1831 1082 1880 Nam
1105 1829 1255 1897 praecedent
1280 1829 1346 1884 ldiuu
1368 1829 1489 1880 articulum

337 1931 388 1966 nun
404 1913 521 1965 admittit.
557 1913 720 1964 Scribentlum
732 1931 791 1964 vero
805 1914 908 1984 χορηγῷ
927 1933 972 1982 pru
991 1915 1057 1982 vulg.
1073 1915 1194 1986 χωρηγῷ.
1229 1917 1270 1965 Sic
1284 1912 1412 1984 χορηγός,
1429 1911 1489 1981 qnod

337 2009 404 2050 recte
421 1999 537 2051 acn'bitur
553 1999 582 2051 Τ.
599 2001 628 2048 ll.
649 2019 669 2066 p.
690 2003 739 2049 888
756 2000 848 2068 (utu),
866 2000 981 2068 χορηγία,
1000 2005 1117 2070 χορηγεῖν
1133 2011 1159 2050 et
1173 2001 1311 2067 cumpoaita
1329 2001 1355 2049 in
1370 1995 1489 2069 χωρηγδς,

337 2085 493 2155 χωρηγίασο
508 2088 634 2153 χωρηχείν
652 2094 699 2134 cet.
725 2084 861 2152 depravata
884 2103 1002 2154 persaepe
1025 2085 1189 2152 reperiuntur.
1223 2086 1298 2135 Velut
1315 2087 1348 2135 T.
1366 2087 1383 2134 l.
1409 2103 1432 2152 p.
1446 2086 1488 2134 tlt

338 2170 415 2237 (188)
432 2167 674 2238 έπικεχορηγηκέναι
692 2169 795 2236 primum
813 2170 838 2222 in
855 2169 1119 2239 έπικεχωρηχηκέναι,
1136 2169 1227 2221 deinde
1241 2169 1266 2220 in
1282 2167 1491 2238 interperantur

338 2255 416 2315 abiit,
443 2254 510 2322 quoti
526 2255 604 2304 liubet
620 2253 675 2304 cod.
693 2255 770 2316 ten,
797 2266 822 2304 et
835 2253 878 2309 τόν
895 2253 1052 2325 έπεχωρηγόν
1068 2256 1118 2320 τῆς
1135 2251 1276 2319 ἐπιδόσεως
1295 2255 1362 2304 male
1385 2253 1490 2322 vulgatur

338 2341 428 2391 Τ.111.
456 2359 480 2406 p.
499 2343 547 2388 848
563 2340 654 2406 (946),
682 2340 780 2390 tumetai
803 2359 825 2407 p.
844 2343 894 2390 850
915 2341 990 2407 (9471
1013 2357 1087 2391 uocet
1112 2337 1223 2408 χορηγός
1245 2348 1270 2389 et
1294 2340 1406 2408 χορηγία
1428 2350 1489 2390 recte

338 2425 485 2474 teribuntnr.
519 2423 577 2475 virt.
596 2423 724 2474 hrritnndv.
740 2425 764 2476 in
783 2427 808 2476 S.
820 2427 893 2476 nant.
911 2427 928 2475 1.
946 2446 969 2494 p.
979 2429 1036 2476 188.
1057 2435 1081 2474 et
1098 2442 1161 2493 qnae
1174 2424 1207 2474 ad
1221 2428 1300 2475 liliam
1313 2428 1376 2476 Cret.
1391 2424 1436 2475 col.
1446 2427 1488 2474 888

339 2508 389 2576 (a).
409 2511 458 2558 888
474 2507 515 2576 (8)
533 2509 658 2558 annotavi.
695 2511 731 2559 lle
752 2509 853 2560 uocibus
876 2510 939 2570 illia,
965 2511 1085 2561 translate
1105 2520 1131 2560 et
1153 2509 1296 2578 plerumque
1319 2509 1345 2560 in
1369 2509 1489 2560 meliorem

338 2603 435 2663 purtem
451 2593 581 2660 atnrrrpatia,
599 2593 656 2644 ride
668 2597 774 2646 Crtuur.
788 2595 813 2644 iu
830 2598 905 2646 theut.
924 2599 992 2647 stud.
1011 2611 1035 2646 u.
1052 2598 1137 2646 llrilt'h.
1153 2613 1175 2645 a.
1193 2599 1267 2644 1888.
1292 2614 1315 2662 p.
1329 2600 1371 2645 88.
1388 2613 1424 2663 sq.
1440 2611 1487 2644 rne-

338 2697 388 2747 qne
406 2678 534 2729 Animadr.
558 2678 582 2728 in
606 2681 631 2729 S.
650 2682 716 2730 Butil
743 2680 759 2731 l.
775 2697 795 2730 ο.
821 2691 847 2730 et
862 2691 947 2731 unnot.
968 2680 1000 2730 ad
1022 2683 1104 2731 Elium
1122 2683 1182 2732 chel.
1207 2683 1254 2733 col.
1272 2685 1321 2733 888
1341 2683 1392 2750 (a).
1427 2678 1490 2730 nude

338 2769 456 2817 lleletiurn
468 2765 493 2814 in
510 2763 611 2814 homilia
634 2783 674 2832 ορ.
693 2768 812 2828 Epiphun.
830 2766 861 2816 T.
879 2767 920 2815 ΙΙΙ.
943 2783 967 2833 p.
986 2769 1033 2816 188
1051 2767 1123 2834 (877)
1141 2763 1185 2821 dui
1208 2768 1257 2834 τῆς
1272 2803 1278 2817 .
1291 2803 1318 2818 ..
1338 2765 1490 2835 έπιχορηγίοέ

338 2849 382 2903 τοῦ
397 2845 545 2915 πνεύματος
566 2853 727 2913 Epiphaniam
742 2850 804 2900 locis
821 2850 862 2900 cit.
880 2860 905 2900 et
920 2851 950 2902 T.
968 2852 1009 2902 lii.
1028 2871 1052 2920 p.
1069 2856 1117 2902 868
1133 2853 1210 2919 (tut)
1235 2848 1271 2919 μή
1286 2850 1425 2919 δυνάμενος
1439 2848 1489 2902 έπε-

337 2940 455 3004 χορηχεῖν
472 2934 510 3004 τῷ
530 2933 676 3003 βουλήματι.

407 3022 433 3072 Ρ.
450 3023 500 3070 888
518 3021 602 3086 (811).
629 3017 688 3072 οὖν
711 3022 756 3090 τῷ
782 3015 888 3074 uultui
910 3021 1016 3088 πατρί
1036 3039 1072 3075 τε
1096 3021 1155 3075 καί
1176 3017 1409 3091 πρωτοστάτη
1431 3020 1488 3086 τῆς

338 3104 515 3171 αἱρέσεως
531 3103 794 3174 Καρποκράτει]
813 3108 966 3173 Magnnpere
988 3105 1070 3168 fallor,
1094 3119 1136 3158 aut
1153 3107 1209 3158 loro
1224 3109 1316 3174 vulgati
1330 3101 1487 3174 πρωτοστάτῃ

338 3190 509 3256 reponendum
531 3187 668 3258 προστάτῃ.
698 3194 818 3254 Epiphun
842 3194 874 3244 Τ.
892 3194 932 3242 ΙΙΙ.
956 3211 980 3260 ρ.
997 3195 1029 3241 88
1054 3194 1128 3260 (stu)
1154 3192 1204 3262 τῆς
1222 3189 1381 3259 Ἥμιαρείων
1401 3186 1489 3254 ταύτης

337 3277 386 3343 τῆς
401 3275 459 3342 (τῆς
476 3275 574 3344 deletu)
596 3274 718 3342 αἱρέσεως
734 3275 878 3342 προστάται.
913 3276 1010 3327 Videris
1026 3294 1080 3328 mea
1094 3277 1125 3328 ad
1139 3281 1220 3329 Elium
1236 3285 1297 3329 Cret.
1314 3277 1364 3329 col.
1379 3281 1426 3326 884
1441 3275 1488 3341 (8).

338 3356 537 3427 Πρωτοστάτης,
556 3360 623 3427 quud
640 3359 798 3414 militarent
813 3363 959 3413 vocabulum
977 3363 1041 3426 (vid.
1059 3366 1154 3414 Goeller.
1174 3363 1207 3413 ad
1224 3366 1327 3426 Thunyd.
1343 3363 1410 3426 vm.
1429 3359 1487 3426 88),

338 3462 514 3514 nonnunquam
535 3461 580 3512 pru
601 3443 746 3514 προστάτης
766 3465 896 3514 perperam
919 3447 1027 3516 positum
1053 3447 1191 3515 reperitur,
1218 3449 1284 3499 velut
1304 3448 1373 3516 apud
1394 3448 1488 3510 Thucud·

339 3533 355 3582 l.
370 3549 407 3592 c.,
432 3530 474 3580 ubi
494 3533 611 3582 cathena
625 3531 745 3582 formulae
762 3528 776 3585 a*
792 3529 935 3599 προστάτης
949 3533 993 3586 τοῦ
1011 3528 1110 3598 δήμου,
1129 3533 1161 3582 ab
1178 3533 1233 3600 ipso
1250 3535 1282 3584 ad
1300 3535 1487 3596 Thucydidi.

338 3617 487 3676 illustratae,
505 3615 633 3666 immemor
648 3617 705 3671 snit.
738 3617 873 3668 verissima
890 3628 928 3668 eat
945 3621 1082 3669 Leuncluut'i
1098 3618 1256 3679 emendatio,
1273 3617 1314 3687 qui
1331 3619 1398 3685 apud
1414 3621 1488 3668 Eliunt

338 3706 401 3753 Cret.
418 3701 556 3752 Continent.
573 3701 598 3751 in
616 3705 711 3766 anur.
725 3706 782 3754 Nuz.
800 3701 861 3753 eod.
875 3702 945 3753 danii.
966 3703 1001 3753 fot
1020 3707 1075 3753 838.
1094 3721 1113 3754 τ.
1128 3701 1271 3770 προστάτης
1288 3721 1333 3770 pro
1351 3698 1488 3770 πρωτοστέ·

337 3803 387 3854 της
400 3787 425 3836 in
442 3785 496 3836 iatin
513 3785 652 3853 rescripsit:
678 3782 705 3854 (ὅ
724 3785 853 3857 διάβολος)
873 3785 1054 3854 πρωτοστάτης
1077 3805 1105 3840 τε
1127 3791 1176 3854 τῆς
1196 3789 1321 3856 περιγείοο
1338 3787 1435 3850 τάξεως
1448 3783 1487 3838 καί

337 3873 386 3940 τῆς
401 3872 452 3938 γῆς
466 3867 513 3937 την
530 3868 645 3938 φυλακήν
661 3870 828 3941 έγχεερισῖείς
841 3869 908 3940 παρὰ
923 3873 990 3926 θεοῦ.
1026 3873 1112 3940 Neque
1132 3883 1215 3923 tamen
1232 3873 1412 3940 πρωτοστάτης
1428 3887 1487 3922 ¹¹⁰⁰·

337 3975 410 4026 qnam
436 3957 555 4007 translate
579 3967 717 4024 usurpatur.
760 3957 832 4007 Conl'.
857 3964 910 4008 het.
935 3963 1022 4022 hpuul.
1042 3959 1138 4008 XXtv.
1155 3961 1179 4008 ὗ.
1201 3956 1381 4025 πρωτοστάτην
1398 3993 1404 4004 ·
1420 3994 1426 4007 ·
1444 3956 1488 4020 τῆς

336 4043 387 4096 τῶν
403 4041 563 4108 Ναζωραίων
577 4041 707 4108 αἱρέσεως.
725 4052 750 4092 et
767 4041 816 4092 rid.
832 4045 975 4095 schleusner.
994 4043 1076 4093 lexic.
1095 4043 1119 4092 in
1137 4044 1202 4094 Nor.
1218 4043 1288 4094 Test.
1303 4043 1334 4094 Τ.
1353 4046 1382 4095 ΙΙ.
1399 4062 1424 4111 p.
1435 4043 1486 4091 188.

408 4129 433 4178 Ρ.
450 4127 600 4194 dimit).
624 4124 661 4180 έκ
739 4127 799 4180 τοῦ
819 4124 1003 4188 Πλάτωνος
1020 4127 1214 4182 ΙΙολετειῶν
1233 4126 1412 4196 πρόφασιν
1435 4129 1486 4178 λα·

340 4211 595 4282 pulu180ribendum
614 4221 690 4279 puto:
710 4210 740 4264 έκ
757 4248 781 4263 ..
801 4213 852 4265 τῶν
869 4205 1006 4272 Πλάτωνος
1025 4213 1170 4266 Πολιτειοῖν.
1207 4215 1244 4264 De
1262 4212 1350 4280 plurali
1367 4213 1487 4266 Πολιτεῖαι

339 4298 389 4350 vid.
407 4299 538 4348 Schneider.
554 4297 586 4348 ud
602 4297 700 4348 Civitat.
715 4299 745 4348 T.
764 4299 782 4347 l.
802 4315 826 4364 p.
845 4302 868 4346 1.
884 4314 921 4365 tq.
957 4295 1024 4360 Quid
1040 4307 1122 4348 nutem
1136 4297 1200 4348 inter
1217 4303 1384 4362 Cutpuerulent
1398 4294 1487 4348 iatern't

340 4393 366 4434 οο
380 4385 519 4445 Ρέοῑοοοπι,
544 4383 585 4450 qui
609 4383 726 4450 coniuges
750 4399 891 4434 communen
912 4399 966 4434 earu
986 4381 1083 4444 voluit,
1109 4383 1194 4449 pulcre
1215 4381 1278 4433 vidit
1302 4387 1407 4434 Olernent
1427 4384 1486 4433 hire.

340 4470 431 4519 strom.
447 4469 487 4518 ΙΙΙ.
501 4471 525 4517 8.
551 4485 576 4535 ρ.
590 4471 648 4521 uu.
663 4485 700 4536 aq.
725 4467 765 4518 ed.
787 4469 880 4519 Potter.
902 4468 1012 4519 Platuuit
1033 4467 1183 4519 senteutiam
1207 4468 1300 4519 Nutter
1318 4477 1359 4519 ter
1376 4465 1486 4524 ineunt,

339 4553 403 4608 ’1.1.
430 4569 455 4623 p.
476 4553 517 4603 80.
547 4553 578 4604 Τ.
594 4555 637 4603 ΙΙΙ.
662 4555 752 4621 pluo
771 4552 864 4622 (1088)
890 4563 915 4604 et
942 4551 1067 4622 hnaueph.
1094 4571 1118 4623 p.
1138 4557 1186 4604 848
1204 4552 1337 4620 (188)οοὶ
1363 4568 1408 4621 pru
1425 4548 1485 4616 vulp.
