3216 5152
1193 353 1282 410 LXIX·

129 513 166 564 tor
174 509 244 562 laicis
256 505 326 571 ἀπτάς
338 513 381 562 τοῦ
394 509 515 580 βήματος,
533 510 578 563 ille
589 525 650 563 vero
668 507 743 570 ἐντός.
766 507 893 563 Credibile
905 493 1027 563 eet'enim
1037 509 1197 563 Marcionem
1209 501 1281 563 oleri·

128 595 277 648 cumiuieee.
844 608 846 612 ’

187 679 303 746 Nuceriae
315 679 342 733 di
353 680 395 733 ael
406 681 435 732 τὸ
448 677 592 750 σάββατον]
608 680 671 750 Leg.
684 679 747 732 κατὰ
755 680 783 734 το
794 680 850 750 auli.
869 680 936 734 Nam
947 681 1059 734 sabbato
1070 681 1179 734 ieiunoti
1192 685 1282 734 contre

126 765 249 818 orientalia
262 766 385 820 ecclesiae
397 781 496 820 morem
506 755 613 819 iubebat
624 766 730 820 Marcio.

185 849 215 906 N.
227 869 262 904 rr.
286 851 323 918 Οὐ
335 849 509 922 τοτοτλτίομτν
522 849 623 923 ψυχάς]
649 850 722 917 Quod
738 849 834 905 ethnici
851 851 926 904 certio
942 851 1034 906 ritibua
1052 851 1191 907 iaciebant
1215 851 1280 904 Hinc

123 954 159 992 111.
171 936 275 990 taneio.
785 939 952 1010 Animumque
964 939 1079 1008 aepuloro
1223 945 1226 952 '

422 1023 562 1077 Coudiorue.
902 1041 905 1046 ·

441 1177 484 1232 AD
502 1177 670 1234 SOHOLION
686 1178 735 1233 HX
751 1177 953 1234 evenerum.

183 1276 289 1350 Ῥλιγχ.
301 1277 335 1335 α’.
349 1279 393 1349 κᾷν
405 1298 431 1331 τε
442 1279 591 1351 ἀποκάμῃς]
612 1281 688 1334 Aliud
700 1283 755 1352 egit
764 1281 937 1354 Epiphanius,
948 1297 1008 1335 cum
1021 1296 1111 1334 rocem
1120 1280 1199 1350 δῶρον
1212 1280 1281 1334 mula

122 1364 167 1418 ido
178 1381 194 1417 a
204 1365 337 1420 hiarcione
348 1367 479 1420 sublatam
490 1367 604 1422 credidit.
628 1367 717 1438 Neque
733 1367 803 1420 enim
819 1366 887 1438 apud
904 1366 1002 1420 Lucam
1018 1373 1064 1420 out
1074 1367 1195 1420 Marcum
1208 1381 1280 1437 repe·
1306 1393 1327 1430 ρ,
1341 1381 1371 1422 ra.

122 1451 187 1504 ritur.
210 1452 307 1521 Atque,
324 1457 353 1504 ot
365 1452 464 1522 opinor,
481 1453 532 1505 loci
542 1453 647 1506 alteriue
659 1452 827 1506 similitudine
839 1451 974 1522 deceptus,
987 1453 1031 1521 qui
1044 1459 1083 1505 eat
1094 1449 1186 1505 Matth.
1196 1451 1225 1518 5,
1238 1451 1279 1504 23.

121 1536 148 1588 Si
157 1541 230 1606 offero
242 1555 330 1588 mooun
343 1548 411 1590 tuom
426 1541 463 1590 od
479 1540 562 1592 cultore
578 1543 640 1603 eto,
657 1537 752 1609 δώρου,
768 1539 823 1591 aire
841 1542 961 1602 monerio,
978 1553 1068 1590 rocem
1086 1537 1158 1590 alteri
1176 1551 1280 1606 quoque

122 1622 156 1674 illi
167 1623 266 1677 tribuit.

182 1706 261 1777 Σχολ,
274 1705 321 1777 η’.]
342 1708 476 1762 Postremo
488 1709 578 1774 rerba,
594 1700 644 1779 elipe
656 1708 703 1780 γὰρ
715 1705 749 1769 ὡς
761 1707 822 1778 προς
834 1705 958 1774 Ἰωάννην.
975 1707 1060 1778 Supra
1071 1709 1099 1760 in
1111 1709 1226 1760 locorum
1239 1707 1280 1760 lu·

121 1791 200 1846 diculo
213 1809 274 1846 cum
285 1792 390 1848 Scholio
402 1812 439 1848 rr.
451 1795 612 1864 copulentur.
637 1794 793 1864 scripserat,
811 1795 862 1847 nisi
879 1793 962 1860 iollor,
978 1794 1078 1847 Marcio
1092 1791 1118 1852 ἀς
1131 1791 1160 1844 οὗ
1173 1792 1279 1844 σκανδα-

121 1877 253 1944 lectione:
265 1875 290 1930 ἐν
303 1879 380 1949 αὐτῷ.

182 1963 261 2034 Σχολ.
276 1961 317 2032 ιβ’.
337 1961 413 2016 'Oller
425 1963 502 2035 λέγει,
516 1962 529 2016 ὁ
543 1963 568 2017 δὲ
581 1966 748 2035 μικρότατος]
773 1963 846 2028 Quod
858 1965 984 2018 minorem
998 1981 1025 2017 se
1037 1963 1154 2018 Christus
1167 1965 1280 2034 appellat

120 2049 143 2100 in
159 2064 239 2119 regno
257 2049 402 2114 coelorum,
419 2049 451 2103 od
467 2056 580 2104 aetatem
591 2051 670 2104 reiert
680 2067 739 2104 eum
752 2049 895 2122 Epiphanio
908 2049 998 2120 Chrys.
1011 2051 1152 2120 μικρότερος
1164 2049 1226 2100 κατὰ
1235 2048 1278 2116 τὴν

118 2131 206 2201 ἠλικίαν
215 2134 256 2186 aul
269 2135 332 2186 κατὰ
343 2134 385 2202 τὴν
397 2138 446 2186 τῶν
459 2135 560 2188 πολλῶν
573 2135 646 2197 δόξαν
656 2142 704 2189 ete.
725 2135 777 2189 Nec
790 2153 843 2190 non
855 2141 881 2188 et
892 2135 964 2189 Beda
976 2137 1072 2205 aliique
1084 2137 1238 2206 complures.

181 2219 288 2282 Μάλιτος
298 2221 338 2272 καλ
348 2215 495 2290 Κριθηάδος]
518 2220 552 2274 Ut
560 2239 588 2274 so
597 2221 693 2275 habent
701 2221 763 2275 haec
774 2221 825 2275 duo
835 2223 953 2287 nomino,
965 2223 1081 2274 locorum
1094 2220 1279 2291 oppidorumre

118 2305 217 2376 propria
229 2323 288 2359 ease
300 2307 427 2359 ridentur.
451 2307 502 2360 Sed
514 2306 608 2360 desunt
623 2308 750 2379 imprimis
767 2309 866 2378 aliquo,
884 2313 938 2360 tum
953 2306 1066 2372 Μίλητος
1079 2307 1233 2376 legendum,
1250 2313 1280 2360 ut

118 2389 218 2444 homeri
230 2407 326 2462 pareus
339 2397 446 2462 uterque
458 2399 674 2446 commemoretur
685 2394 766 2446 Meloe
779 2399 804 2446 et
816 2392 934 2446 Otitheia.
957 2393 1039 2446 Meles
1051 2391 1146 2445 florius
1164 2397 1216 2457 eat,
1234 2393 1279 2463 qul

118 2474 253 2546 Smyrnam
266 2479 342 2543 aluit,
359 2477 464 2532 Homeri
476 2479 595 2549 patriam
620 2478 713 2532 Strabo
725 2481 741 2532 l.
755 2497 807 2533 rrv.
831 2477 979 2549 Stephanus
991 2477 1105 2544 Μελήτου
1118 2477 1213 2529 κόλπου
1225 2495 1279 2531 me-

118 2562 200 2628 minit,
217 2561 246 2623 ἀς
262 2561 400 2632 Σμυρναῖος
417 2561 541 2633 ἐκολέῐτο,
559 2562 607 2616 ἀπο
626 2563 732 2618 llellroo
750 2569 871 2635 ποταμοῦ,
904 2563 989 2628 Quore
1006 2562 1118 2630 Μέλητος
1135 2565 1214 2618 etiem
1232 2581 1278 2634 pro

118 2645 205 2713 Μέλης.
229 2647 325 2703 Herod.
338 2649 365 2701 in
377 2649 483 2702 Homeri
495 2649 548 2702 vito
560 2649 715 2703 Orithoidem
733 2651 770 2702 ait
780 2651 921 2704 Homerum
939 2667 972 2703 er
986 2650 1081 2703 iurtiro
1094 2649 1233 2702 concubitu
1246 2649 1277 2702 ed

117 2732 234 2787 Meletem
251 2732 363 2787 fluuium
378 2735 523 2805 peperisse,
539 2751 569 2788 ae
584 2741 721 2806 propterea
736 2737 922 2806 hieleaigenem
937 2736 1092 2806 ‘epchasea
1119 2733 1237 2788 Philostr.
1250 2753 1278 2788 ιι.

117 2817 220 2872 iconum
234 2820 265 2872 in
283 2820 377 2874 hiolete
393 2819 549 2874 Gritheidem
565 2821 667 2874 Melotia
687 2837 775 2875 amore
792 2828 894 2893 captam
911 2821 1061 2887 introducit,
1076 2821 1109 2873 ob
1128 2837 1210 2890 eoque
1226 2819 1278 2874 Ho-

117 2919 212 2958 merum
234 2906 362 2975 genitum.
401 2905 452 2958 Ubi
469 2905 578 2959 Gritheie
601 2923 654 2961 uon
676 2905 756 2960 ioutie
778 2907 869 2973 ullius,
892 2911 920 2959 ut
936 2906 1047 2960 0rtelius
1068 2905 1211 2970 existimat,
1232 2905 1277 2958 sed

118 2987 249 3058 ipsiusmet
261 2991 366 3044 Homeri
378 2991 468 3044 matris
480 3007 575 3046 nornen
589 2997 635 3045 est
659 2991 723 3045 Vide
736 2992 851 3046 Sciriam.

178 3071 272 3128 ’λλλοι
284 3075 311 3128 δὲ
322 3075 428 3146 Κύπριον
441 3075 626 3148 προποδιάδος.]
643 3076 718 3130 Haud
730 3079 784 3131 acio
796 3093 830 3130 an
842 3074 974 3148 proprium
985 3077 1020 3130 ait
1029 3076 1116 3148 oppidi
1127 3093 1231 3142 nomeu,
1243 3093 1277 3131 au

117 3175 172 3213 eum
184 3177 279 3231 ομτιιιιι
291 3161 421 3232 significet
432 3163 477 3233 qui
489 3169 529 3216 eet
538 3162 585 3233 πρὸ
598 3162 673 3224 ποδὸς
685 3165 782 3218 montis
794 3164 911 3216 alicuine.

180 3243 288 3318 Ἐλεγρ.
302 3245 348 3318 ις’,
361 3247 384 3299 ri
397 3247 423 3300 di
435 3247 462 3299 τάν
476 3245 620 3318 ἐγερθῆναι]
643 3247 713 3302 Oorr.
726 3245 828 3318 ὶγεράὶν.

180 3331 260 3402 Σχολ.
274 3330 321 3395 ις’.
335 3333 382 3404 πρὸ
400 3337 442 3400 τῆς
459 3339 503 3385 τοῦ
520 3333 624 3404 Χριστοῦ
640 3331 775 3404 ἔνδημος]
807 3333 865 3388 Nou
882 3349 963 3404 perra
979 3334 1021 3388 hie
1037 3333 1205 3389 hallucinatio
1223 3339 1275 3388 est:

116 3415 285 3472 haeamouaei
301 3419 361 3484 filii,
377 3417 426 3472 hoo
443 3424 483 3472 eet
498 3418 677 3484 Macchobeei,
694 3425 755 3489 poet
769 3417 925 3472 Antiochum
940 3419 1102 3490 Epiphanem
1118 3421 1275 3490 prodierunt.

117 3499 163 3564 Qui
174 3505 261 3574 coepit
272 3519 341 3558 anno
352 3505 510 3558 Graecorum
520 3521 637 3560 cxxrrrr.
651 3525 668 3560 ι.
682 3507 793 3570 blecca,
805 3504 854 3558 hoe
867 3514 906 3558 eat
916 3521 969 3576 per.
981 3506 1028 3558 lul.
1040 3505 1115 3574 4538,
1128 3507 1203 3558 annis
1216 3512 1275 3559 ante

116 3589 249 3658 vulgarem
261 3588 357 3643 Christi
367 3593 480 3644 natalem
494 3607 588 3646 curxr.
613 3589 669 3644 Nini
680 3591 746 3644 iorte
758 3589 913 3644 Antiochum
926 3590 967 3643 τάν
981 3591 1057 3660 μέγαν
1073 3591 1213 3662 intelliget,
1232 3591 1276 3661 qui

117 3675 198 3744 coepit
208 3691 263 3745 per.
276 3676 324 3730 lul.
333 3675 408 3731 4490.
427 3676 479 3729 Sed
487 3677 724 3730 Aeeamouaeorum
732 3677 834 3730 traditio
847 3675 1051 3730 uldoechobaeis
1063 3676 1165 3731 initium
1177 3675 1275 3732 habuit.

118 3753 198 3820 Quare
209 3759 280 3813 inira
291 3759 433 3832 Epiphania
445 3762 548 3816 initium
560 3763 673 3832 coeperit
684 3779 789 3816 necesse
800 3768 847 3815 eet.

180 3845 261 3914 Σχολ.
273 3842 318 3901 λε’.
333 3844 361 3898 οὗ
374 3844 420 3916 γὰρ
432 3845 541 3917 ἧμιρτνολ
553 3846 679 3918 γίνονται]
702 3849 778 3919 Apud
790 3846 910 3918 Xenoph.
922 3854 1009 3902 tomen
1020 3847 1190 3918 ἡμεροσκόπος
1202 3854 1249 3901 eet.

180 3929 260 4000 Σχολ.
273 3928 323 3996 λη’,
339 3929 387 3982 ἀπο
404 3934 454 3983 τῶν
469 3929 578 4001 ἀρχαίων
591 3931 621 3984 τὰ
638 3930 792 4004 ἀντίγραφοι]
817 3932 888 3990 Oorr.
901 3937 950 3986 τῶν
967 3930 1084 4004 ἀρχείων,
1102 3949 1136 3986 ex
1148 3931 1274 3989 Archivia.

27 4061 29 4066 ,
118 4011 232 4082 [gnatius
243 4015 327 4086 Epist,
338 4035 373 4070 νι.
385 4017 417 4070 od
428 4016 538 4070 Philode
550 4017 644 4083 ἥκουσα
653 4016 700 4088 γάρ
711 4035 781 4070 τινων
790 4017 922 4090 λεγόντων,
935 4017 971 4070 ὅτι
981 4017 1021 4070 lto
1031 4017 1064 4089 μὴ
1077 4015 1100 4069 ἐν
1110 4022 1160 4080 τοῖς
1173 4014 1276 4090 ἀρχείοις

118 4097 177 4168 cipro
189 4105 233 4153 τοῦ
246 4100 403 4172 ιάογγιλάοο,
417 4101 445 4154 οὐ
459 4101 572 4157 πιστεύω.

180 4185 261 4256 epol„
273 4185 320 4249 νς’.
332 4187 386 4258 περὶ
398 4191 440 4254 τῆς
452 4186 548 4258 [ibrum]
570 4188 645 4258 Apud
657 4187 754 4242 Lucam
765 4189 817 4260 leg.
829 4186 868 4241 ἐπλ
879 4193 921 4256 τῆς
934 4187 1017 4258 βάτον.

158 4268 270 4343 Ἔλεγχ.
284 4269 330 4333 ἔνι’.
343 4271 389 4325 οὐκ
401 4270 533 4335 ἀθοοάοιτος
550 4271 566 4339 ἡ
583 4270 608 4324 ἀν
624 4277 661 4343 τῷ
673 4274 765 4344 νόμιμ]
789 4275 936 4343 Antequam
953 4273 1090 4346 Epiphanii
1105 4276 1192 4329 locum
1208 4275 1277 4332 hune

118 4355 255 4426 adhrgam,
271 4373 355 4428 pauca
371 4357 402 4410 de
415 4359 441 4412 ri
457 4375 488 4412 oc
504 4363 631 4429 potestate
642 4359 762 4412 vocabuli
778 4361 821 4424 τῆς
838 4358 1007 4421 κοθοσιώοεως
1019 4361 1129 4414 diceudo
1139 4366 1208 4414 eunt
1231 4361 1278 4414 liet

118 4439 194 4508 igitur
205 4443 363 4494 καθωσιῶσαι
374 4443 443 4496 idem
455 4461 485 4497 oe
497 4461 661 4510 cooaeceure,
672 4447 770 4497 dicore.
793 4445 858 4497 ilino
871 4444 1015 4505 καθοοίωσις
1028 4447 1136 4520 deuotio,
1154 4452 1180 4498 et
1197 4447 1276 4498 κοάω·

119 4525 354 4595 comburerentur,
372 4547 561 4583 comtemnere.
585 4529 669 4594 Quare
686 4529 732 4600 qui
747 4545 776 4582 ae
793 4529 904 4602 principi
915 4530 1043 4583 decorant
1053 4547 1083 4584 oc
1094 4531 1218 4601 religione
1230 4532 1277 4586 eli·

121 4623 169 4678 qua
184 4619 350 4680 consecrant,
368 4613 552 4684 aatuocupiooc
563 4615 723 4681 dicebantur,
741 4621 770 4669 ut
780 4616 884 4673 militae.
908 4613 1068 4688 Capitolium
1080 4618 1107 4672 in
1118 4618 1274 4672 Maximino:
