3274 5154
1130 409 1242 470 cccvii

95 570 264 628 indnnalihua
279 571 377 626 aceles
390 570 423 624 ad
439 585 537 624 annum
548 585 622 626 evm.
639 573 695 622 tum
708 569 740 622 ab
752 567 823 633 aliis,
840 566 885 640 qui
902 567 1026 624 adrem
1043 567 1163 623 haereses
1180 568 1242 622 ecri-

94 663 195 729 peernnt,
207 657 241 710 ad
251 657 321 711 idem
332 661 516 727 argumentum
527 655 657 725 disputata
667 655 787 726 reperies.

151 744 334 814 Διιτιρόγιιμον
343 741 372 794 bt
383 740 430 793 oda
441 737 517 804 iissre
529 739 662 811 δέχεσθαι]
688 739 814 810 Ihgamos
822 755 879 793 ιιοιι
890 740 976 794 aulum
988 741 1021 794 ab
1032 739 1174 811 episcopali
1186 756 1242 793 mu·

93 843 152 892 ιιιι,
162 827 208 882 aad
219 828 297 882 etiam
309 843 325 880 a
335 827 416 880 sacris
428 827 550 880 amnibus
563 825 695 880 ordinibus
707 824 830 878 exclusos
841 825 921 879 tuisse
932 831 1065 896 perpetuo,
1077 827 1122 896 qui
1132 826 1243 895 probare

93 915 156 978 velit,
171 915 193 967 ie
206 914 260 967 otio
272 919 298 966 et
309 911 397 966 chana
408 913 609 983 intemperanter
620 912 749 966 abutetur.
775 910 814 964 Ile
826 911 954 981 episcopis
965 912 1039 965 locus
1050 917 1090 965 eet
1101 911 1212 982 apostoli
1223 929 1242 966 r.

92 997 149 1053 iim.
161 1017 214 1054 m.:
243 999 347 1069 Oportet
362 1003 504 1068 episcopans
522 1015 575 1051 ease
589 999 663 1050 enine
678 999 766 1049 uxoria
780 999 874 1059 uirum
891 995 961 1066 quod
977 996 1047 1050 idem
1062 1003 1090 1050 et
1105 995 1138 1050 ad
1155 997 1244 1050 'litum

92 1097 173 1154 cape,
183 1083 208 1137 i.
217 1085 318 1154 repetit.
335 1082 435 1148 Quibus
446 1083 473 1136 in
485 1083 550 1136 loeia
558 1081 628 1136 Bene
644 1087 670 1135 et
679 1081 803 1134 haeretici
813 1090 918 1147 omnes,
933 1083 1085 1152 praesertim
1097 1082 1243 1136 Molinaeue

92 1167 191 1222 indidei
202 1169 295 1233 Scuto,
307 1185 355 1222 nae
365 1185 419 1222 non
431 1175 457 1221 ec
467 1168 665 1222 iurisconsultus
676 1167 720 1220 ille
731 1182 810 1237 supra
820 1166 948 1220 refutatus
960 1183 976 1219 a
987 1167 1075 1232 nobie,
1088 1167 1119 1222 de
1131 1167 1243 1238 ‹dgame

91 1253 135 1306 ilie
145 1255 292 1326 apostolum
302 1254 510 1324 interpretantur,
527 1254 572 1324 qui
583 1254 647 1306 eitra
658 1251 802 1322 legitimam
814 1267 948 1318 caussam,
963 1251 1013 1306 hcc
1029 1259 1068 1306 eet
1083 1259 1186 1324 praeter
1199 1252 1244 1306 ad·

92 1339 167 1392 ulteril
178 1339 295 1410 eulpam,
311 1339 447 1410 repudiata
458 1339 569 1408 coniuge
581 1339 688 1392 alteram
703 1337 847 1391 dunmeent.
872 1337 970 1391 Verum
981 1339 1086 1410 tametd
1097 1338 1146 1392 hoc
1157 1339 1244 1410 ipsum

91 1423 247 1493 dgamerum
255 1439 339 1494 geone
348 1424 440 1478 ecdem
449 1425 562 1495 apostoli
570 1423 672 1478 decreto
684 1421 917 1492 comprehenditur,
929 1423 1146 1478 absurdissimum
1157 1430 1245 1478 tamen

92 1513 185 1562 utnon
196 1525 243 1562 eos
256 1523 359 1580 quoque
370 1509 498 1563 contineri
508 1509 624 1574 credere,
642 1509 688 1580 qui
704 1523 787 1562 uxore
803 1513 907 1562 monus
924 1509 1003 1561 eliam
1017 1509 1080 1575 sibi,
1097 1515 1124 1562 et
1141 1508 1244 1580 quidem

91 1594 240 1662 lagidum,
257 1595 395 1666 coniugem
410 1595 573 1649 adsciverint.
600 1595 639 1648 De
650 1609 702 1664 quo
713 1593 950 1647 luculentissimum
959 1593 1010 1647 hoc
1021 1596 1048 1648 in
1059 1595 1118 1648 loco
1129 1595 1245 1648 testim·

90 1679 154 1731 nium
165 1677 249 1732 habes
256 1678 406 1750 Epiphanii,
418 1697 530 1734 necnon
541 1686 568 1733 et
577 1681 606 1733 in
618 1677 786 1733 catharorum
797 1677 869 1734 haer.
879 1696 933 1732 unx.
944 1694 1016 1733 num.
1026 1697 1062 1734 ιι.
1090 1677 1142 1734 Ubi
1152 1679 1246 1734 decus

90 1771 162 1834 negat
170 1781 262 1818 sacrm
274 1765 307 1818 ad
318 1763 421 1820 ordines
432 1765 506 1818 illum
517 1765 611 1836 recipi,
623 1766 668 1836 qui
678 1765 763 1834 priore
776 1765 887 1834 coniuge
897 1771 1002 1818 mortue
1012 1767 1121 1818 alteram
1132 1764 1244 1821 duxerit

90 1847 156 1912 Quod
166 1851 234 1904 adeo
243 1865 333 1903 rerum
344 1855 393 1915 eet,
404 1857 434 1904 ut
443 1867 477 1904 ne
485 1851 576 1904 An'ani
586 1849 689 1921 quidem
702 1855 792 1904 contra
804 1865 969 1904 communem
979 1851 1052 1904 illem
1062 1857 1246 1922 receptamque

91 1935 298 1993 eomuetudinem
306 1935 393 1989 venire
405 1937 463 1989 ausi
473 1935 578 1990 inerim.
597 1935 664 1989 Nam
674 1935 702 1988 in
714 1935 894 1989 Ebionitarnm
904 1933 1006 1990 haeresi
1013 1953 1076 1990 xxx.
1087 1953 1159 1992 num.
1169 1955 1193 1989 r.
1206 1937 1246 1990 lo·

89 2019 176 2090 sephor
188 2020 299 2086 (lumea
316 2037 375 2075 cum
386 2022 489 2087 Ariani,
507 2027 537 2074 ut
552 2021 585 2074 ed
601 2027 688 2091 partes
699 2035 761 2073 suas
776 2021 850 2074 illum
866 2019 1009 2088 traherent,
1025 2022 1205 2093 episcopatum
1222 2023 1246 2076 ei

89 2105 274 2174 pollicerentur,
288 2122 322 2159 ne
338 2107 435 2160 insitus
452 2105 485 2160 ab
502 2105 554 2159 illis
572 2106 740 2170 ordinaretur,
756 2107 841 2176 priore
857 2107 968 2176 coniuge
986 2105 1107 2160 damoeta
1117 2107 1245 2162 secundae

89 2192 186 2261 nuptm
194 2191 265 2246 iniit
283 2190 435 2254 Quaesitum
447 2193 509 2246 olim
519 2191 578 2256 iuit,
592 2195 680 2244 utrum
692 2192 736 2261 qui
748 2197 808 2244 ente
820 2191 979 2262 baptismum
991 2193 1130 2262 coniugem
1141 2191 1246 2247 habuis-

89 2283 133 2341 set,
149 2276 273 2348 diganum
290 2277 416 2330 eiusmodi
428 2281 576 2331 censeretur
588 2277 632 2348 qui
643 2277 676 2330 ab
689 2275 869 2330 ecclesiasticis
881 2275 1014 2330 ordinibus
1025 2281 1164 2331 arceretur.
1189 2276 1247 2342 Qua

88 2359 116 2413 de
129 2377 158 2414 re
172 2377 269 2433 parum
284 2363 426 2433 probabilis
442 2363 596 2432 Hieronymi
610 2363 739 2416 sententia
755 2367 828 2415 extat
838 2362 866 2415 in
877 2361 958 2433 Epist.
972 2363 1162 2428 odorannum,
1180 2379 1247 2433 quae

88 2451 123 2498 est
133 2464 246 2502 unane.
272 2447 321 2502 cui
336 2449 466 2502 contraria
483 2455 524 2502 eet
534 2447 675 2519 Augustini
692 2448 736 2502 lib.
749 2447 780 2500 de
791 2445 866 2501 Bono
878 2447 1000 2518 Coniugii
1013 2465 1069 2520 cap.
1081 2465 1166 2514 arun,
1184 2449 1248 2503 elio·

87 2547 191 2602 rumque
202 2533 308 2604 patrum
321 2535 420 2604 opinio,
433 2534 474 2587 cui
486 2534 662 2588 ecclesiastica
672 2531 776 2586 traditio
787 2548 818 2586 ac
829 2531 990 2587 consuetudo
1001 2533 1167 2606 suffragetur.
1190 2533 1248 2599 Qua

88 2617 115 2670 de
125 2618 292 2672 revelamini
303 2620 418 2684 concilii,
435 2619 504 2690 quod
516 2619 565 2673 sub
577 2620 691 2672 Demere
704 2616 862 2672 celebratum
874 2623 922 2685 eet,
934 2619 1024 2674 Canon
1035 2621 1135 2691 primus
1146 2621 1184 2674 ita
1195 2626 1248 2674 sia·
1274 2641 1296 2681 n.
1305 2627 1349 2671 aas.

87 2703 142 2755 tuit:
164 2703 210 2757 Ute'
221 2705 321 2772 dicans·
330 2723 361 2757 ne
372 2707 519 2758 ordinentur
531 2707 632 2768 clerici,
646 2708 746 2757 ananei
756 2706 863 2772 pentilee
875 2704 959 2757 adhuc
971 2705 1022 2758 due
1033 2723 1060 2758 ee
1070 2709 1182 2775 infelicis
1192 2725 1247 2760 eor·

87 2793 117 2839 ιιι
126 2794 277 2842 necessitate
292 2791 485 2844 maculaverint.
509 2789 574 2844 Vide
589 2789 707 2844 lunens.
725 2789 808 2859 Epist.
820 2807 848 2844 n.
866 2805 923 2859 cap,
933 2807 968 2842 rr.
998 2789 1066 2854 Quin
1083 2796 1110 2844 et
1125 2791 1247 2846 Zosimus

87 2889 151 2944 papa
161 2876 239 2945 epist
249 2891 267 2927 r.
278 2889 331 2928 non
344 2874 420 2928 ruodo
433 2875 596 2945 episcopum,
609 2879 655 2928 aut
664 2873 801 2928 diaconum
813 2889 844 2926 ac
855 2873 1055 2941 subdiaconum,
1067 2875 1113 2929 sed
1124 2893 1158 2929 ne
1169 2878 1247 2930 lecto-

85 2975 135 3012 rem
147 2959 268 3031 qnidem,
286 2965 332 3014 ant
347 2959 502 3014 exorcistam
518 2959 575 3013 fleri
586 2959 684 3030 patitur
695 2975 755 3012 eum
767 2959 812 3029 qui
822 2958 915 3014 viduae
927 2960 962 3012 eit
971 2960 1089 3014 meritus.
1114 2959 1202 3014 Redeo
1213 2961 1246 3014 ad

86 3046 194 3114 apostoli
206 3047 294 3100 locum
305 3045 380 3098 illum
392 3063 410 3100 ι.
424 3045 456 3097 ed
468 3045 535 3100 lim.
548 3062 587 3098 m.
614 3043 708 3109 Quem,
723 3045 763 3098 uti
775 3045 841 3111 dixi,
857 3061 909 3098 non
924 3045 1075 3116 negandum
1091 3049 1133 3099 est
1143 3045 1176 3099 ad
1186 3047 1246 3100 illos

85 3131 211 3199 pertinere
223 3145 327 3202 quoque
339 3130 458 3201 digamos
470 3131 515 3200 qui
525 3129 660 3200 repudiata
670 3134 803 3200 utcunque
820 3130 932 3200 coniuge
947 3145 1029 3184 noras
1046 3132 1151 3202 nuptias
1168 3148 1246 3203 copu-

85 3215 170 3281 larint,
189 3233 243 3286 quo
256 3233 336 3270 sensu
347 3215 549 3286 chrysostomos
558 3213 742 3286 interpretetus
754 3221 802 3270 est.
828 3213 879 3280 Qui
890 3221 916 3268 et
926 3215 981 3286 ipse
992 3222 1081 3270 tamen
1092 3217 1198 3271 alterius
1210 3217 1248 3270 di·

85 3315 222 3370 gamorum
239 3302 355 3372 generis,
372 3307 398 3354 et
415 3301 519 3370 quidem
537 3317 627 3354 eorum
644 3301 690 3370 qui
704 3307 765 3371 post
781 3303 897 3372 priorum
914 3301 1014 3355 obitum
1026 3301 1090 3356 alies
1102 3302 1247 3368 (iubeant,

85 3387 211 3440 meminit
242 3385 310 3447 'lule
328 3385 367 3455 ni,
384 3385 481 3456 inquit,
496 3386 537 3437 ne
554 3383 580 3437 ἐκ
598 3388 653 3455 μιᾶς
669 3386 783 3455 γυναικὸς
795 3381 823 3458 ᾗ,
843 3385 901 3457 peel
912 3389 986 3438 τοῦτο
998 3384 1115 3456 elps'podee:
1136 3389 1247 3452 Quidum

85 3473 137 3524 ideo
150 3474 248 3525 dirum
260 3473 308 3524 doc
319 3473 352 3525 ab
364 3473 477 3542 apostolo
487 3467 593 3535 censent,
605 3481 634 3522 ut
643 3472 676 3524 nb
688 3489 740 3523 nna
751 3489 829 3524 cem
840 3476 875 3524 eit
885 3473 999 3542 (mortua
1009 3473 1127 3543 scilicet).
1145 3473 1247 3527 Clarius

84 3557 108 3608 in
119 3562 262 3611 comment.
274 3556 307 3611 ad
318 3557 405 3610 'l'itom
416 3557 492 3612 Hom.
505 3573 543 3622 ru,
559 3556 604 3609 uhi
621 3571 742 3610 caussam
758 3555 825 3610 hanc
842 3557 1000 3628 apostolicae
1011 3559 1152 3612 sanctionis
1164 3557 1247 3612 affert

84 3639 112 3693 '0
122 3641 172 3712 γὰρ
184 3643 249 3712 πρὸς
260 3640 303 3709 τὴν
314 3638 468 3693 ἀπελθοῦσαν
481 3640 600 3712 μηδεμίαν
613 3639 720 3710 φυλάξας
732 3640 825 3693 εὔνοιαν
837 3643 891 3702 πῶς
908 3639 935 3694 ἄν
948 3635 1019 3704 οὗτος
1031 3642 1126 3713 γίνοιτο
1139 3642 1247 3714 προπά-

84 3743 122 3792 upe
141 3727 236 3789 ιιιλόςι
277 3727 328 3788 Qns'
344 3729 479 3795 defimctne
495 3732 570 3780 acori
587 3727 781 3780 benevolentiam
798 3729 894 3780 nullum
911 3745 1026 3782 eenrnsee
1044 3729 1247 3800 deprehenditur,

84 3833 189 3881 ponam
198 3821 280 3883 poeto
292 3811 335 3864 hic
347 3813 470 3864 ecclesiae
477 3829 599 3882 praeesse
607 3815 721 3882 poterit!
737 3809 905 3864 Ἀπελθοῦσαν
916 3814 1029 3884 appellat
1039 3820 1182 3881 mortuam,
1194 3831 1248 3869 uon

84 3915 138 3952 eam
155 3915 226 3969 quae
243 3899 382 3968 repudiata
400 3900 526 3961 discessit,
544 3903 574 3950 ut
589 3898 707 3968 imperite
723 3897 923 3952 iurisconsultus
940 3900 1023 3952 vertit.
1052 3897 1119 3955 Nam
1136 3907 1162 3954 et
1178 3900 1247 3972 apud

83 3983 309 4056 Theophylactnm
326 3981 417 4036 eadem
429 3981 607 4054 chrysostomi
622 3984 703 4036 rerba
717 3983 755 4036 ita
769 3983 922 4037 redduntur:
951 3985 1002 4046 Qui
1013 3990 1078 4039 enim
1089 3988 1184 4038 nudam
1194 4003 1247 4040 eer-

83 4075 153 4122 rcee‘t
164 4070 362 4122 benevolentium
375 4087 438 4138 erpo
450 4087 505 4122 eam
517 4085 581 4137 puae
592 4069 654 4120 obiit
664 4079 712 4123 etc.
738 4067 822 4131 Quare
838 4069 965 4139 posteriue
980 4069 1044 4122 illud
1059 4087 1089 4124 ac
1101 4071 1247 4142 legitimum

84 4157 250 4225 digamorum
267 4169 352 4223 genus
369 4153 402 4206 ab
420 4154 562 4224 apostolico
579 4153 624 4206 illo
642 4153 744 4207 demeto
761 4169 896 4223 nunquam
910 4153 1110 4224 Chrysostomue
1127 4157 1246 4210 exclusit.
1262 4220 1268 4230 Ι
1320 4215 1323 4238 Ι

84 4238 154 4294 Unus
166 4239 361 4304 Theodorstue,
378 4239 447 4308 quod
457 4237 532 4292 valde
550 4239 638 4304 miror,
655 4239 725 4294 soloe
743 4238 873 4309 digamos,
892 4240 937 4309 qui
952 4241 1040 4310 plures
1056 4241 1136 4295 simol
1151 4257 1246 4295 uxores

83 4323 221 4390 haberent,
239 4323 273 4378 ab
291 4327 409 4394 apostolo
427 4324 575 4395 repudiatos
592 4326 688 4378 sentire
704 4325 812 4378 ridetur.
846 4323 877 4377 ln
896 4341 948 4395 quo
969 4320 1111 4380 audiendus
1128 4334 1247 4393 nonest,

84 4412 220 4480 multoque
237 4409 326 4463 minue
343 4408 476 4475 hunnici,
494 4410 533 4462 uti
549 4409 620 4462 Bere
636 4411 782 4482 caeterique
800 4410 844 4480 qui
861 4411 889 4464 in
905 4411 1055 4481 apostolicis
1072 4413 1157 4466 uerbis
1174 4428 1247 4484 prae

84 4502 189 4565 ceptum
201 4495 327 4549 contineri
338 4499 443 4565 putent,
461 4495 529 4564 quod
545 4495 646 4548 nullum
662 4495 696 4548 ad
708 4497 897 4566 episcopatum,
915 4496 966 4550 nisi
982 4513 1065 4550 uxore
1082 4496 1171 4565 ducta,
1188 4513 1247 4570 pro-

84 4581 184 4634 mereri
195 4581 337 4652 permittat.
359 4578 433 4643 Quod
442 4579 596 4636 iamdudum
606 4580 815 4652 'theophylactus
825 4579 927 4634 refellit

1003 4681 1045 4740 Ua
