3200 5158
368 397 451 454 cxiv

436 551 476 608 lix
489 554 521 606 iis
533 557 666 624 praetem
678 553 771 607 eondoi
781 559 868 625 potest
879 553 940 626 qnid
956 554 991 607 sit
1007 551 1076 624 quod
1087 523 1248 624 dpipbsnins
1258 553 1285 607 in
1297 527 1412 608 obsedes
1421 553 1464 606 ills
1471 553 1514 607 lle

367 639 435 692 redis
452 655 580 692 annornm
598 639 769 694 declaratione
786 645 846 710 post
862 657 889 694 re
904 639 979 710 regni
996 639 1052 692 elsa
1068 655 1152 692 annos
1168 638 1292 693 lndseam
1308 640 1338 692 in
1348 639 1515 692 Romnum

366 725 490 778 ditionem
501 724 605 794 penitus
621 724 731 780 ramese
743 723 825 790 dieat,
841 731 997 794 necatosque
1008 741 1072 780 xxsx
1084 740 1182 789 annos,
1194 724 1259 778 sdss
1271 731 1301 778 nt
1311 739 1408 778 mur.
1420 724 1514 778 damu

365 809 473 862 Herodis
485 825 554 862 anno
566 808 682 863 (lbristns
693 815 772 864 natus
782 810 825 864 sit
847 810 948 864 Osnssa
958 809 1028 864 enirn
1044 807 1108 864 bean
1124 814 1177 874 eet,
1194 809 1264 879 qnod
1278 825 1340 864 euru
1352 809 1463 864 Eusebio
1472 810 1514 864 lle

364 895 434 948 rodis
446 895 549 949 initium
560 896 666 949 ooniinit
676 895 703 948 in
715 910 813 949 annuns
824 895 955 949 luliannnr
966 911 1024 960 xre,
1036 895 1078 948 sel
1089 911 1157 960 aren,
1170 910 1188 947 s
1197 910 1250 966 quo
1261 895 1294 950 sd
1305 912 1375 960 xva,
1387 896 1515 966 qsiArtis·

365 995 423 1034 nam
434 981 569 1033 victoriam
582 981 697 1050 excepit,
704 981 771 1034 anni
781 987 843 1034 sunt
854 986 973 1050 quatuor.

432 1065 607 1120 (lonelndatnr
623 1082 657 1118 ex
671 1063 775 1136 losephi
789 1071 815 1119 et
825 1065 916 1120 Diouis
931 1065 1060 1120 sentenia
1074 1069 1207 1120 mortuum
1217 1065 1348 1122 limodenr
1358 1066 1440 1120 rideri
1453 1081 1514 1120 aens

364 1151 465 1204 Iuliano
477 1168 542 1204 xnrr.
565 1149 639 1214 Quod
651 1150 674 1203 ai
684 1165 774 1206 rerum
786 1157 837 1216 est,
849 1151 944 1205 naulis
957 1148 1052 1204 Christi
1063 1150 1090 1204 in
1101 1165 1200 1205 muru
1211 1169 1265 1206 xnr.
1276 1167 1340 1206 euru
1351 1149 1471 1216 Mario,
1480 1151 1514 1204 rel

364 1253 408 1290 ιη.
421 1252 481 1289 enne
492 1235 614 1306 Keplero,
626 1234 796 1289 oonimmdne
808 1236 870 1301 erit,
881 1253 934 1290 non
946 1241 975 1290 nt
984 1236 1076 1306 vulgo,
1087 1235 1115 1289 iu
1125 1253 1185 1290 xus.
1202 1236 1241 1290 De
1252 1253 1304 1306 qno
1316 1237 1442 1292 attentius
1453 1237 1514 1306 negl-

364 1321 472 1378 tendum
489 1337 595 1384 censeo,
612 1335 660 1374 neo
673 1320 743 1374 illiue
760 1321 889 1391 opinionis
904 1320 1018 1376 humens
1034 1321 1194 1376 sonusndos
1211 1321 1428 1392 damnsndnsque
1446 1327 1514 1375 autes

365 1423 444 1476 qnam
455 1421 544 1460 eorum
556 1405 705 1476 disceptetis
717 1422 747 1459 se
759 1406 922 1460 labeiaotatie
938 1407 1084 1460 rationibus
1099 1408 1246 1460 eommunis
1256 1407 1381 1477 Dionysii
1395 1423 1454 1460 sess
1467 1423 1513 1460 ser·

364 1493 416 1545 tins
429 1491 589 1556 adamnatun
601 1491 670 1561 qnod
682 1491 812 1546 anemine
823 1491 856 1544 sd
866 1489 935 1547 bano
947 1507 1031 1562 nsque
1039 1491 1107 1546 diern
1116 1491 1191 1546 rideo
1202 1508 1260 1550 esse
1271 1493 1386 1558 minus,
1397 1507 1443 1546 nse
1453 1506 1513 1545 ame

364 1577 491 1648 praestari
501 1593 578 1648 poree
589 1575 702 1647 ingenue
713 1592 744 1631 se
754 1576 864 1630 libenter
874 1575 1004 1648 profiteor.

403 1803 406 1810 Δ
637 1729 854 1786 mercarer
869 1729 1037 1786 nnuman
1054 1729 1250 1788 senensem.
1367 1711 1372 1722 “

431 1833 506 1888 Nune
514 1833 653 1905 llpipbanii
660 1834 796 1899 sententia,
806 1833 879 1888 onius
888 1833 1071 1904 intelligendae
1080 1834 1166 1904 matis
1173 1832 1237 1888 haee
1244 1850 1262 1887 a
1269 1833 1350 1888 nobis
1358 1839 1399 1888 est
1406 1834 1512 1888 imtitntr

365 1919 517 1990 disputado,
534 1919 688 1990 exponenda
698 1919 807 1974 ridetur.
839 1918 912 1972 liene
924 1919 994 1974 enlm
1004 1919 1161 1990 perobscura
1171 1919 1217 1974 ille
1232 1935 1295 1974 saue
1311 1925 1393 1990 esque
1403 1919 1511 1990 impedite

364 2005 485 2059 declaret.
507 2003 608 2075 Quippe
619 2021 689 2058 num.
698 2021 763 2058 rxrr.
776 2001 889 2058 haeresis
906 2002 983 2060 huius
995 2003 1126 2058 Christum
1142 2005 1235 2060 merie
1249 2020 1319 2060 enno
1334 2005 1447 2076 Augusti
1457 2022 1510 2058 ran

363 2097 454 2144 natnm
467 2107 537 2154 oeae,
549 2089 657 2144 Herodis
669 2107 763 2144 xxxin.
788 2089 871 2158 Igitur
885 2105 979 2144 norem
998 2090 1074 2144 snnie
1086 2090 1221 2160 sugerus
1233 2089 1364 2144 lierodenr
1375 2090 1508 2144 meruit

364 2176 416 2230 Sed
433 2177 527 2229 mirum
544 2191 623 2246 qnam
638 2173 703 2230 haee
719 2174 842 2244 perplexe
857 2173 1023 2230 demonstret.
1044 2174 1188 2246 lmperssse
1199 2181 1275 2246 putat
1284 2167 1436 2245 dagenstein
1445 2175 1509 2228 sons

364 2278 413 2315 xrrr
429 2267 569 2330 antequem
584 2259 680 2314 ledaea
691 2260 794 2330 penites
805 2259 838 2312 sd
849 2259 983 2314 Βοηοηοο
998 2259 1155 2326 mederet,
1171 2275 1203 2316 so
1218 2265 1280 2331 pust
1295 2261 1402 2318 initium
1412 2259 1509 2331 Augusti

365 2351 475 2417 quatuor
490 2347 549 2416 plne
564 2345 652 2400 minoe
667 2345 743 2398 annis
760 2345 856 2415 elapsis
866 2345 933 2400 inter
944 2344 1054 2400 lndseoe
1065 2360 1096 2400 ae
1106 2344 1239 2402 Romans
1251 2345 1396 2402 amieitiaru
1406 2351 1431 2400 et
1440 2345 1508 2398 esee

363 2437 444 2484 tatem
455 2431 645 2495 intemessisee,
660 2437 716 2484 turn
727 2445 789 2486 vero
799 2437 994 2500 procuratorem
1004 2431 1167 2501 impositum,
1184 2446 1215 2486 ae
1231 2431 1390 2488 emerem
1405 2427 1508 2485 emnild

363 2516 502 2581 indictum,
517 2516 600 2570 denso
616 2516 643 2570 in
655 2515 800 2570 Remanent
816 2515 940 2572 ditionem
950 2515 1045 2572 ledaea
1059 2517 1163 2586 pertitus
1179 2517 1327 2580 redsotsao
1336 2516 1508 2586 ssstigsbsest

363 2603 445 2667 luta,
461 2617 521 2656 enrn
537 2601 590 2654 ianr
603 2601 732 2672 principos
743 2601 781 2656 illi
793 2601 824 2654 de
834 2601 904 2656 tribu
914 2600 979 2656 luds
989 2601 1139 2667 deeismt,
1153 2607 1232 2671 atque
1242 2601 1360 2658 Heredes
1371 2602 1507 2673 peregrines

364 2693 390 2740 et
401 2687 547 2756 alienigene
557 2701 668 2756 regnum
679 2691 839 2757 occupasset
863 2685 934 2750 Quae
950 2687 1038 2740 omnis
1049 2686 1137 2757 (paule
1148 2693 1209 2757 post
1219 2687 1316 2756 lnquit)
1327 2687 1442 2760 perieets
1451 2693 1507 2746 suut

364 2789 423 2826 cum
436 2772 469 2826 ab
481 2777 538 2826 ortu
551 2770 646 2826 Christi
656 2771 814 2842 coepissent,
826 2788 895 2826 anno
906 2771 1019 2841 Augusti
1027 2789 1105 2835 rure,
1116 2771 1162 2842 qui
1173 2777 1199 2826 et
1209 2785 1295 2828 nonna
1306 2779 1366 2828 eret
1376 2788 1393 2825 a
1403 2785 1506 2844 proeurs·

364 2859 433 2912 bone
445 2857 586 2928 Antipatri,
602 2872 663 2910 eum
679 2854 788 2912 Iudaeos
805 2857 873 2910 inter
889 2862 916 2910 et
930 2857 1062 2912 Romanoa
1078 2871 1133 2926 psx
1149 2862 1176 2910 et
1192 2858 1304 2912 eoeieua
1325 2863 1397 2912 esset
1415 2873 1445 2912 se
1463 2857 1505 2910 iu

364 2949 484 3013 quartum
500 2959 598 2998 aunum
614 2947 735 3012 regnaret
748 2941 870 2998 Herodes.
904 2941 1038 2995 Postremo
1055 2947 1115 3011 post
1129 2947 1242 3011 quatuor
1260 2942 1372 2998 Heredis
1389 2958 1469 2998 anans
1486 2945 1505 2992 et

363 3029 476 3098 quinque
492 3028 682 3098 procurationis
697 3027 827 3098 Antipatri
846 3025 951 3082 denum
966 3026 1062 3084 ludses
1076 3027 1179 3098 penitus
1199 3026 1324 3082 Romame
1340 3033 1383 3084 est
1396 3027 1505 3086 *bleda

363 3129 446 3184 usqne
461 3113 494 3167 sd
505 3131 600 3169 rrxrrr.
611 3111 719 3168 Herodis
735 3127 846 3177 amum,
864 3113 909 3182 qni
925 3118 965 3166 est
977 3113 1090 3184 Augusti
1101 3130 1180 3178 saer..
1195 3128 1256 3170 ouur
1272 3129 1341 3170 xxsx
1357 3115 1431 3170 annts
1441 3111 1505 3167 reoli

363 3199 430 3270 galis
441 3199 546 3254 omnino
558 3199 659 3254 inuret.

428 3285 484 3338 Hae
494 3281 632 3355 Epiphanii
643 3283 759 3338 oratione
768 3283 870 3336 nuhnru
878 3281 1004 3353 Sphingis
1015 3283 1138 3356 aenigma
1148 3283 1296 3354 perplexius
1307 3299 1368 3340 esse
1379 3289 1448 3356 pute.
1462 3279 1504 3336 eet

361 3369 411 3424 boo
421 3376 509 3424 tanam
520 3369 633 3422 voluisse
643 3368 756 3426 ridetnre
769 3369 918 3438 Augustum
927 3369 1012 3440 primo
1025 3385 1074 3424 xrrr
1084 3369 1161 3422 annis
1171 3369 1324 3440 imperasse,
1343 3371 1437 3440 quibus
1451 3383 1503 3422 roe·

363 3455 425 3509 doen
434 3453 529 3510 ludsee
536 3470 642 3524 prorsus
650 3453 828 3510 Romanorum
836 3454 944 3524 imperio
955 3459 1080 3520 cesserat,
1092 3469 1124 3508 se
1134 3459 1195 3524 post
1205 3461 1316 3524 quatuor
1325 3456 1424 3525 priores
1434 3467 1502 3508 uses

361 3540 474 3610 Augusti
489 3540 655 3609 Antipatrum
672 3539 849 3609 quinquennio
864 3545 1058 3608 procuratorem
1074 3539 1170 3603 nure,
1185 3539 1314 3594 Herodem
1328 3539 1432 3604 dene,
1445 3543 1502 3608 ps*

362 3642 442 3696 quern
453 3625 486 3678 ab
496 3626 615 3694 Angusto
626 3639 737 3693 regnum
750 3623 872 3689 obtinuit,
884 3629 996 3694 quatuor
1007 3639 1090 3678 annes
1099 3625 1222 3678 munies.
1238 3625 1278 3678 Its
1285 3624 1356 3680 liunt
1366 3627 1399 3680 sb
1406 3621 1501 3694 argui

361 3713 436 3766 initio
448 3711 510 3764 anni
518 3726 576 3764 rrrr.
598 3709 700 3778 Reliqui
711 3715 773 3762 eunt
780 3725 856 3773 xxxx,
874 3709 969 3778 qulbus
980 3709 1091 3764 Romani
1101 3709 1224 3764 iudaeam
1235 3711 1340 3780 penitus
1352 3711 1500 3780 serpunt

361 3813 445 3867 usque
457 3795 490 3848 sd
500 3794 612 3864 Augusti
623 3811 695 3858 rnre,
706 3793 814 3848 Herodis
826 3811 928 3860 xxxrrr,
940 3811 991 3865 qno
1004 3801 1080 3850 natus
1092 3801 1131 3848 eet
1142 3794 1270 3852 domiuus.
1286 3793 1356 3850 llam
1367 3796 1400 3850 sd
1411 3811 1454 3851 rsu
1463 3790 1499 3844 sd·

362 3881 409 3936 diti
419 3899 484 3936 xxrx
500 3880 641 3934 conficiunt
651 3896 719 3944 sun,
736 3878 877 3949 itidemque
894 3879 917 3932 si
933 3880 967 3934 sd
983 3885 1094 3950 quatuos
1105 3879 1185 3937 addes
1197 3897 1261 3936 xxrx
1271 3879 1337 3938 flent
1348 3897 1437 3936 ωηο.
1456 3876 1498 3930 11⁰⁸

362 3975 450 4022 auum
460 3983 524 4020 xxrx
536 3981 620 4020 sonos
632 3963 665 4018 sb
677 3981 708 4018 eo
720 3963 824 4020 dednoit
834 3964 879 4034 qui
890 3964 1023 4018 Aah'aoaru
1031 3964 1164 4018 victoriane
1176 3971 1281 4022 seeum
1290 3971 1345 4031 est,
1356 3967 1450 4021 Iuliam
1459 3960 1499 4014 rei·

361 4055 422 4107 lioet
438 4070 504 4116 rvr,
521 4066 539 4103 s
550 4066 600 4121 quo
617 4050 756 4104 vicesimus
773 4065 858 4102 nonus
875 4055 917 4102 est
931 4049 1048 4103 lulianus
1060 4066 1142 4114 reru,
1161 4066 1212 4120 quo
1229 4056 1305 4104 natus
1321 4051 1356 4106 ab
1371 4046 1497 4122 qunhsit

362 4137 479 4192 Christus
494 4136 607 4207 ponitur,
622 4135 741 4204 Angusto
753 4151 809 4192 xm·
822 4141 849 4188 et
859 4133 948 4188 Silano
960 4151 1027 4189 ooss.
1060 4135 1100 4188 lta
1116 4135 1219 4204 quidem
1230 4135 1388 4206 lipipbsniua
1402 4134 1497 4188 aneu

363 4224 463 4287 omnia,
473 4239 521 4276 neo
533 4221 657 4276 historiae
668 4220 732 4274 sads
743 4220 885 4274 consultus.
902 4219 950 4274 ilat
960 4220 1031 4274 eninr
1040 4218 1137 4274 ialsnm
1147 4221 1275 4291 imprimis
1283 4221 1440 4292 saepsere
1449 4231 1496 4286 pre

362 4313 507 4362 curatorem
518 4308 551 4362 ab
563 4308 681 4377 Augusto
693 4321 750 4360 esse
760 4305 872 4370 smum,
888 4303 1004 4376 adeoque
1019 4311 1081 4376 post
1095 4313 1206 4376 quatuor
1220 4306 1322 4376 inperii
1331 4305 1410 4377 ipsius
1419 4315 1496 4362 um

362 4399 392 4449 nt
403 4411 437 4446 ex
449 4393 481 4446 iis
492 4399 564 4462 petet
575 4409 641 4462 qnae
653 4407 732 4462 snpra
742 4408 757 4446 e
768 4390 877 4461 losepho
888 4390 1097 4462 perstrinximus.
1132 4391 1199 4446 llam
1207 4391 1343 4463 Antipater
1351 4388 1449 4446 lluodis
1458 4399 1495 4456 pt·

362 4495 422 4532 rens
433 4478 554 4533 Iudaeam
572 4478 750 4532 administrare
765 4477 851 4546 eoepit
866 4491 934 4532 anno
950 4477 1008 4541 iilo,
1025 4492 1077 4547 qno
1091 4475 1172 4532 lulius
1184 4476 1279 4532 Caesar
1293 4475 1389 4532 bellura
1398 4473 1494 4528 strn-

363 4565 466 4618 drlnuur
482 4564 577 4633 gessit,
594 4564 639 4632 qni
655 4567 696 4616 est
711 4561 788 4615 Urbis
800 4561 862 4626 707;
880 4577 930 4632 qun
947 4561 1038 4616 eodem
1054 4578 1124 4616 anne
1135 4561 1249 4616 llerndes
1261 4561 1390 4618 Galilaeae
1405 4561 1493 4627 spatas

363 4649 522 4720 praepositus
535 4655 581 4702 est.
604 4649 722 4701 Mortuus
739 4653 778 4700 est
794 4651 879 4700 autem
896 4647 1031 4717 Antipater
1046 4663 1115 4701 anno
1126 4645 1202 4702 Urbis
1213 4647 1283 4713 tlt,
1298 4646 1395 4704 Iuliano
1408 4647 1492 4713 qum
