3274 5154
251 655 296 710 ΔΙ)
314 653 486 710 HAERBSIH
502 652 654 718 LXXVIII..
671 649 1101 708 surinlcounmsnlsssuss.

165 777 202 830 De
214 775 527 830 Antidioomuriuuiturum
539 773 674 843 dogmate,
686 773 755 844 quod
765 773 915 826 lorinieuns
926 771 1119 842 propugnabat,
1135 775 1254 822 accurate

108 861 212 932 disputet
221 861 402 929 Hieronymus.
423 859 487 914 Vide
504 863 531 914 et
547 859 713 915 Ambrosium
730 875 790 912 oum
807 859 864 912 eliis
881 858 908 912 in
925 857 1002 922 loeis,
1019 863 1075 909 tum
1092 853 1172 926 spise
1185 873 1209 910 ι.
1228 859 1255 908 ei

106 965 147 1002 m.
163 947 207 1000 lib.
218 965 237 1000 1.

165 1030 196 1086 N.
208 1049 256 1084 ιιι.
278 1024 358 1092 Οὗτος
371 1029 413 1100 pls
426 1030 472 1100 γὰρ
485 1028 498 1084 d
511 1028 622 1100 ’insipl
645 1030 683 1084 Do
694 1028 743 1083 huo
754 1028 891 1100 Epiphttnii
902 1029 1043 1090 sententie,
1055 1033 1081 1080 et
1092 1026 1198 1097 quinem
1210 1024 1254 1080 do·

107 1117 165 1170 nini
174 1116 266 1170 nanee
277 1116 317 1170 illi
327 1115 436 1181 inerint,
454 1117 587 1186 copiosum
603 1115 684 1170 hebes
702 1115 901 1186 disputationem
915 1115 943 1170 in
954 1114 1087 1184 uppusun
1097 1112 1130 1166 ed
1142 1111 1254 1166 uenales

106 1201 293 1256 Redeeisstioos
304 1217 375 1256 num.
385 1219 428 1256 ux.
442 1217 472 1254 se
484 1201 613 1272 deinceps.

166 1285 268 1354 Ὦβλέαν
280 1285 469 1357 Ιρριςιιιιόρινον
482 1287 580 1357 rugen]
615 1287 708 1340 Melius
721 1303 799 1356 quum
810 1286 973 1355 Hegesippue
985 1283 1054 1354 opud
1066 1282 1159 1336 Euseb.
1171 1283 1215 1338 lib.
1227 1301 1254 1336 ιι.

107 1388 239 1442 espxxtm
251 1370 395 1426 undebeee
407 1372 626 1442 desumptarum,
644 1369 792 1440 quirinillus
805 1373 986 1440 interpretetur
999 1365 1115 1439 περιοχὴν
1131 1371 1175 1420 τοῦ
1191 1365 1253 1422 λαοῦ

107 1458 141 1508 sel
152 1457 313 1522 δικαιοσύνην.
334 1456 387 1510 sed
398 1463 438 1510 est
449 1457 572 1510 Hebraico
587 1427 700 1528 nibw
715 1475 775 1519 ore,
788 1457 842 1508 sive
855 1458 957 1508 munitio
969 1456 1018 1508 dei.

164 1541 194 1597 N.
205 1560 243 1596 u.
269 1542 322 1594 Τοῦ
334 1541 360 1594 δὲ
372 1540 485 1611 Ἡρώδου
502 1535 530 1607 dn
548 1539 604 1592 κατ’
615 1539 692 1594 desino
710 1542 816 1610 καιροῦ.]
849 1541 956 1594 Falsum
974 1545 1013 1593 est
1029 1537 1157 1592 Herodem
1174 1538 1255 1602 illum,

105 1644 150 1697 quo
161 1633 288 1697 regnante
298 1643 392 1698 possus
404 1636 443 1680 est
454 1626 588 1691 domiuus,
600 1625 718 1680 Archelai
729 1625 809 1680 inisse
820 1625 917 1692 filium,
928 1625 1062 1694 multoque
1073 1623 1171 1694 magis,
1186 1622 1255 1693 quod

106 1714 211 1782 etpeulo
222 1717 319 1784 postet
328 1713 402 1766 initio
414 1713 500 1782 operis
511 1711 602 1774 huius,
618 1713 646 1764 in
663 1713 734 1764 celos
745 1711 821 1764 Tomi
836 1711 941 1782 prioris,
958 1710 1110 1774 affirmarit,
1127 1707 1255 1762 Herodem

105 1799 239 1869 Agrippum
250 1797 341 1852 fuisse.
375 1796 435 1850 Fuit
447 1798 515 1850 enim
527 1796 640 1850 Herodes
651 1797 760 1867 Antipes
771 1795 880 1850 Herodis
892 1797 983 1866 megui
992 1795 1075 1860 iilius,
1092 1802 1122 1848 ut
1137 1793 1171 1848 sd
1181 1795 1255 1848 illum

104 1882 183 1936 locum
194 1884 363 1936 observatum
375 1889 423 1938 eet.

163 1967 193 2021 H.
206 1985 243 2021 n.
267 1964 347 2020 Ἀλλὰ
359 1966 392 2037 μὴ
404 1972 477 2020 τοῦτο
489 1972 584 2038 οτραρῇ
596 1965 627 2028 ele
640 1966 753 2035 βλάβην]
776 1965 959 2032 inveniamur,
974 1964 1022 2019 hoe
1033 1971 1073 2019 est
1084 1965 1254 2020 contuberue·

104 2053 137 2106 lee
148 2053 301 2107 elericorum
312 2052 436 2118 lominus,
449 2069 513 2122 ques
526 2062 662 2105 extraneus
673 2052 759 2106 Latini
769 2061 877 2114 vocent,
889 2052 1044 2105 damnarunt
1055 2059 1151 2104 veteres
1164 2051 1211 2104 PP.
1223 2066 1254 2102 ιιο

104 2141 200 2209 saepius
212 2146 315 2192 veteres
327 2138 431 2207 synodi,
449 2142 478 2192 ut
493 2136 737 2202 dissentaneum„
754 2135 965 2206 Cartbagiueneis
977 2155 1015 2190 ιιι.
1030 2135 1091 2190 Cen
1102 2153 1174 2200 svn,
1192 2139 1254 2189 Are·

103 2223 202 2278 hiensis
214 2243 243 2278 ιι.
256 2223 559 2288 Geu.ur.,‘l'oletans1v.
573 2221 636 2276 Can.
647 2239 722 2287 xun„
734 2221 845 2276 Basilius
857 2221 937 2293 Epist.
950 2221 982 2274 ud
996 2221 1081 2290 Greg.‚
1099 2237 1165 2290 qnae
1177 2236 1254 2274 euno·

103 2310 187 2363 uisse
204 2309 363 2363 Belsemone
381 2316 506 2372 oeusetur,
523 2323 583 2379 peg.
599 2306 679 2372 1022,
697 2307 855 2361 Antiochum
869 2308 983 2376 synodus
997 2309 1024 2360 iu
1042 2308 1151 2376 epistole
1166 2314 1255 2360 contre

102 2393 204 2448 Peulurn
216 2394 347 2448 Samene
360 2393 426 2463 opud
439 2393 532 2446 Euseb.
544 2393 588 2448 lib.
598 2411 644 2448 vn.
657 2409 713 2463 nep.
723 2411 793 2446 ιτιι.
806 2391 847 2454 τὰς
866 2391 892 2444 δὲ
903 2389 1071 2454 Σονιιςάιιταος
1084 2390 1159 2444 αὺτοῦ
1171 2395 1254 2461 γυναῖ-

103 2497 154 2548 ιιις,
169 2477 202 2540 ιἰς
214 2477 349 2550 ’Δντιοχέῖς
364 2474 511 2548 ὀνομάζουσι
528 2485 574 2532 ote.
609 2477 719 2532 Eosdem
738 2485 764 2531 et
780 2479 924 2548 insequitur
941 2477 1033 2532 Noster
1049 2478 1076 2530 iu
1094 2477 1167 2530 Heer.
1181 2494 1254 2534 nuru.

102 2581 166 2618 num.
178 2583 206 2620 n.
223 2564 268 2625 τὰς
280 2561 406 2634 ἀγακηιᾶς
418 2564 550 2634 λεγομένας
567 2561 731 2625 αονιιςάκτοος
742 2566 866 2633 γυναῖκας,
900 2563 1073 2632 Hieronymus
1090 2563 1187 2632 possim
1205 2569 1255 2616 tru-

103 2647 178 2716 dueit,
193 2651 313 2704 menime
329 2649 362 2702 ud
373 2648 542 2703 Eustochium
553 2649 634 2719 Epist
642 2666 723 2704 xmus
751 2648 821 2702 Unde
832 2653 859 2700 ιἰι
871 2651 992 2700 eeclesiae
1004 2653 1167 2716 ayapirarnm
1176 2651 1256 2716 ριιιιί

102 2739 209 2788 introiit!
237 2736 309 2790 Uinde
320 2740 373 2788 eine
385 2738 479 2804 empne
491 2736 564 2788 uliud
575 2752 660 2788 nemen
672 2737 792 2786 aurumi
807 2737 856 2786 imo
872 2735 938 2786 unde
954 2751 1041 2786 ιιοιιιιικ
1059 2733 1255 2786 ennuntiat-um

101 2823 190 2887 qenes!
212 2819 336 2874 Gerendu
347 2836 408 2874 vero
421 2821 531 2874 Heriuui
539 2820 647 2873 Victorii
657 2817 690 2872 ad
701 2818 769 2872 buno
781 2819 931 2888 Hieronymi
942 2819 1027 2871 locutu
1040 2817 1197 2880 observatio,
1211 2817 1255 2886 qui

103 2911 222 2975 sgepetes
232 2922 251 2960 e
264 2904 415 2960 Chrisiieuie
427 2905 565 2970 conviviis,
582 2921 646 2976 quse
658 2901 754 2974 ἀγάπαις
766 2905 913 2969 nominent,
929 2903 1056 2956 derivatus
1070 2909 1169 2966 censet,
1186 2902 1255 2972 quod

103 2997 137 3042 eet
147 2991 295 3044 ridiculum.

162 3075 232 3128 beel
244 3074 288 3141 τὴν
300 3073 418 3142 λέαιναν]
440 3075 567 3128 Pabulum
577 3073 645 3128 bene
656 3075 771 3146 plerique
783 3073 911 3128 reiellunt
935 3073 1084 3126 Aristoteles
1096 3089 1154 3126 ecce
1167 3073 1211 3128 lib.
1221 3090 1255 3130 ιι.
1281 3097 1301 3137 ρ.
1311 3082 1355 3127 sss.

100 3161 190 3215 Hister.
203 3177 262 3231 esp.
271 3177 356 3214 xm:
378 3158 409 3213 ‘0
421 3159 447 3212 di
459 3159 552 3230 λεχθελς
565 3159 639 3230 μῦθος
652 3159 704 3231 sepi
716 3165 759 3212 τοῦ
771 3155 896 3228 ἐκβάλλειν
908 3157 949 3220 τὰς
962 3158 1061 3228 ὑστέροις
1074 3157 1198 3227 τίκτοντα,
1210 3157 1254 3224 λη·

101 3245 176 3312 plene
187 3244 249 3298 deri·
263 3244 374 3310 unverein
387 3244 413 3298 tl
423 3241 450 3296 is
462 3249 505 3296 τοῦ
518 3245 633 3305 σπανίοις
645 3239 702 3296 sinet
714 3245 769 3306 τοὺς
781 3244 892 3314 λέοντας,
905 3243 1053 3316 ἀποροῦντος
1065 3243 1108 3312 τὴν
1121 3242 1198 3297 αἰτίαν
1211 3249 1253 3296 τοῦ

101 3331 139 3382 ιὀν
150 3331 228 3401 μῦθον
240 3329 375 3392 συνθέντος.
399 3330 450 3384 Sed
462 3335 487 3383 el
498 3329 668 3384 Philostratus
681 3336 707 3383 ei
717 3331 770 3384 etii

162 3415 194 3470 H.
206 3434 248 3470 ιιι.
271 3415 353 3468 Μόνον
366 3415 447 3486 τούτῳ
459 3420 496 3485 τῷ
508 3413 642 3484 Ἰαιιώβῳ.]
675 3414 747 3468 ldem
758 3421 846 3469 umet
857 3417 931 3470 Haer.
942 3433 1024 3478 xxix„
1035 3431 1107 3468 num.
1118 3433 1161 3480 rr.,
1172 3416 1217 3470 ubi
1229 3419 1255 3470 et

100 3507 178 3555 teum
188 3501 280 3554 iseosi
292 3500 423 3556 historism
436 3505 564 3566 recenset,
582 3502 655 3554 euius
670 3507 746 3554 autor
757 3501 918 3570 Hegeeippus
932 3501 1000 3570 apud
1011 3499 1152 3554 Eusebium
1168 3501 1212 3554 lib.
1224 3517 1252 3555 ιι.

100 3602 152 3656 esp.
161 3603 251 3650 unu..
262 3587 306 3656 qui
317 3586 343 3640 id
354 3587 484 3640 veteribus
496 3587 636 3656 persuasit,
647 3591 677 3638 ut
689 3585 843 3654 Hieronymo
855 3587 899 3640 lib.
913 3586 945 3638 de
957 3585 1060 3656 Soriptt,
1071 3585 1167 3640 Boules.
1203 3585 1254 3641 Sed

99 3674 178 3726 multe
190 3673 293 3726 suntin
304 3671 412 3726 historie
423 3671 481 3734 ills,
498 3687 565 3742 ques
576 3671 708 3726 nonnullis
720 3671 862 3740 displicent
897 3671 1013 3740 Scaliger
1025 3686 1085 3724 vero
1097 3672 1123 3724 iu
1136 3669 1253 3726 Auimed.

100 3757 130 3810 ed
147 3773 248 3812 sunum
260 3773 398 3811 ιιιιιτιιιι.
418 3763 543 3826 tunquam
559 3757 662 3810 inanem
673 3757 790 3810 iebulem
801 3757 907 3827 respuit.
942 3756 1157 3828 Reprehensionis
1169 3757 1254 3826 sepite

99 3842 160 3896 osee
171 3844 227 3896 iore
239 3849 309 3896 sunt
329 3839 402 3904 Quod
414 3841 507 3896 lseobo
520 3842 568 3895 soli
579 3842 669 3895 scribit
680 3841 841 3912 Hegesippus
852 3843 880 3894 in
891 3852 981 3896 senem
992 3851 1140 3896 sanctornm
1152 3841 1254 3910 ingredi

98 3927 208 3982 licuisse.
231 3927 313 3996 Atqui
324 3927 370 3980 uni
381 3943 483 3981 summo
493 3925 622 3996 pontifici,
638 3926 714 3997 idque
726 3929 806 3980 semel
818 3927 845 3979 iu
857 3943 938 3990 anuo,
956 3943 1109 3980 conoessum
1126 3933 1188 3981 erat.
1212 3925 1252 3979 lo·

99 4015 177 4068 eobue
194 4022 284 4068 entem
301 4029 334 4066 ne
352 4011 442 4066 Lerits
460 4011 563 4081 quidem
581 4017 642 4064 erut
678 4010 775 4066 Deinde
794 4012 855 4081 quie
871 4027 964 4064 caussa
980 4027 1026 4064 eur
1043 4008 1074 4070 εἰς
1086 4010 1116 4062 τὰ
1128 4009 1185 4080 ἅγια
1196 4028 1252 4081 per·

100 4100 192 4152 missus
203 4098 349 4162 obedisse,
361 4095 424 4150 haee
436 4095 550 4160 effertur,
562 4097 631 4166 quod
642 4096 717 4150 lineis
729 4097 855 4161 vestibus,
867 4113 919 4150 non
932 4097 1025 4160 lenuis,
1042 4103 1163 4150 uteretur.
1198 4097 1251 4150 Hoo

101 4189 184 4238 eutem
200 4185 264 4238 solis
281 4182 469 4246 secerdotibus,
487 4199 546 4235 eum
563 4183 643 4236 serris
660 4181 839 4252 operabuntur,
856 4182 953 4234 licitum
970 4181 1026 4234 iuit.
1059 4180 1144 4234 Tertio
1161 4190 1251 4250 gentes

102 4270 135 4322 sit
145 4285 205 4324 eum
217 4269 319 4322 ludens
331 4269 497 4330 convenisse,
516 4266 584 4338 quod
601 4267 740 4320 obsurdum
758 4273 808 4330 est;
825 4281 908 4337 neque
923 4267 991 4320 euim
1004 4267 1112 4336 gentiles
1124 4265 1156 4318 ud
1169 4267 1251 4320 ullum

102 4351 250 4407 Iudseorum
268 4353 364 4406 festum
382 4351 554 4406 confluebant
588 4350 809 4416 Quemadmodum
822 4359 847 4404 et
857 4349 921 4404 illud
931 4351 1026 4404 fulsum
1039 4350 1107 4420 quod
1119 4369 1158 4404 m
1168 4352 1251 4406 tribus

103 4437 212 4491 edidisse
221 4439 290 4502 dieii,
302 4453 362 4492 oum
373 4454 418 4508 per
429 4437 493 4491 iHud
501 4443 602 4508 tempus
615 4437 680 4490 duee
691 4443 792 4490 tuntum
803 4436 894 4500 forent,
905 4436 1019 4506 reliquae
1031 4453 1047 4490 x
1059 4436 1157 4506 pridem
1169 4438 1196 4490 iu
1208 4452 1250 4490 os·

102 4522 243 4590 ptiritstem
259 4523 395 4578 obductae.
429 4521 526 4586 Qusrto
539 4521 643 4576 onnes
653 4521 868 4577 refertsludseis
878 4523 1060 4586 uenientium,
1078 4519 1147 4590 quod
1157 4522 1184 4576 iu
1195 4538 1250 4576 see·

103 4609 213 4680 neugio
223 4609 308 4664 solum
319 4607 479 4674 elemebsnt,
495 4623 555 4664 eum
569 4622 654 4662 remos
666 4624 699 4662 ex
711 4607 847 4663 erboribue
857 4605 1039 4678 deiriugerent.
1074 4605 1168 4670 Quinto
1179 4605 1250 4662 lese-
