3274 5154
1184 399 1313 462 cunm

149 557 333 614 Hileritsnnm
345 557 407 614 (iun.
417 576 484 614 rvr:
509 555 612 612 Placuit
627 563 716 621 οόίαικ,
733 565 761 610 ut
767 565 873 627 petatur
885 577 902 610 σ
912 558 1101 626 plorioeiacr'me's
1112 557 1314 626 inperator-llus,

149 653 178 696 art
188 645 294 698 ιἰιόοοτιί
303 645 428 698 iudicibus
440 645 504 696 dare
514 647 606 713 petitos
616 644 666 696 siler*
685 645 829 711 defensores
844 641 1021 705 scholasticos,
1037 645 1080 712 qui
1092 645 1119 694 νἰι
1132 651 1192 694 ectu
1202 646 1265 707 rint,
1275 643 1317 696 τοί

149 733 178 780 ie
189 732 276 799 officio
288 731 456 798 defensionum
473 747 622 782 cumeorum
638 729 884 791 ecclesiasticorum,
902 746 968 780 more
983 729 1143 782 cocerdotuur
1154 730 1315 798 ριοαίνιοίοσ,

149 823 178 866 art
188 817 267 868 iidem
278 819 330 884 ipsi
341 825 386 869 etc.
398 815 664 883 huheoutsuculluterr
675 815 778 882 irrpredr'
789 815 901 866 ιὀιιίίοτιπι
909 817 1061 866 secretario.
1087 812 1207 868 Memluit
1218 817 1245 866 ei
1254 811 1314 866 Oar-

149 898 253 970 thugin.
264 919 288 953 v.
302 899 405 954 Gunorm
416 917 452 954 rx.
470 905 497 953 et
508 899 658 953 Africanum
670 904 742 952 tomo
755 916 772 952 r.
785 897 959 952 Concillorum
971 897 1034 954 (lan.
1044 915 1117 963 xum,
1135 903 1163 952 et
1177 897 1240 952 alibi
1255 913 1314 968 par·

149 984 210 1040 sim.
239 985 360 1040 Zosimus
371 985 452 1056 Epist.
463 1004 480 1040 r.
503 985 571 1038 Sorte
582 993 611 1036 nt
621 987 764 1054 όοῙοιιοονοι
776 985 906 1048 οοοίοοίαο,
919 989 962 1054 qni
974 1003 1004 1037 erc
1015 985 1171 1054 loiciefirmt,
1183 1003 1263 1054 supro
1275 985 1314 1036 dr'·

150 1080 194 1124 ctu
204 1071 378 1124 οόοοοαυιίοιιο
386 1079 524 1133 teneantur,
534 1074 558 1122 ei
566 1073 702 1122 meruerint
710 1087 761 1122 esee
770 1073 796 1122 τίι
806 1071 896 1122 ordine
905 1071 1050 1122 clericatus.
1061 1065 1178 1129 Ἔκδικος
1187 1067 1314 1124 sorrecis

149 1159 268 1210 vocetur.
304 1155 333 1210 In
351 1154 464 1210 Concilio
482 1154 636 1210 Chalcedon.
649 1154 711 1210 (lan.
721 1173 750 1210 ru
767 1160 934 1209 recensentur
950 1151 1092 1224 οἰκονόμος,
1110 1151 1218 1220 ίκδικος,
1235 1172 1314 1224 παρα-

150 1236 275 1310 μονόριος.
293 1239 465 1304 Quamobrem
478 1238 616 1310 προστάτην
628 1241 739 1294 eundem
751 1257 809 1296 sess
820 1241 984 1312 suspicamur
992 1245 1070 1310 atqua
1079 1235 1182 1293 ίκδικον.
1199 1240 1316 1294 Tametsi

148 1323 275 1380 Belsemo
287 1325 319 1378 ad
331 1325 510 1380 Africanarum
528 1325 688 1396 synodorum
703 1342 829 1392 canones,
847 1327 893 1397 qui
907 1326 935 1380 in
949 1342 1030 1380 uuum
1046 1325 1118 1380 misti
1132 1331 1206 1390 suut,
1222 1325 1256 1378 sd
1267 1325 1315 1380 (lev

149 1425 247 1464 nonam
260 1427 378 1476 uxxmm,
391 1412 435 1482 qui
447 1415 486 1466 set
498 1411 564 1466 inter
576 1411 698 1467 Africana
711 1413 831 1477 coucilia,
844 1427 911 1482 quae
922 1411 972 1466 sub
984 1409 1131 1466 Goelestino
1143 1417 1170 1464 el
1180 1409 1315 1466 Bouliacio

149 1495 282 1549 celebrata
294 1502 363 1562 sunt,
375 1495 588 1568 quadragesimus
600 1490 738 1562 secdndns,
750 1497 852 1550 dubitat
862 1502 948 1550 utrum
958 1495 1108 1550 defensores
1117 1502 1142 1550 et
1152 1493 1242 1548 ἔκδικοι
1254 1501 1315 1550 ante

148 1577 199 1634 hoo
212 1581 316 1635 concilii
326 1588 427 1654 tempus
439 1581 477 1635 illi
488 1581 591 1636 inerint.
609 1581 643 1634 Σίι
657 1579 683 1634 δὲ
695 1581 799 1652 γίνωσκε
811 1579 875 1648 ὅττί
888 1582 955 1642 δόσις
967 1583 1017 1632 τῶν
1028 1578 1140 1650 ἐκδίαυυν,
1152 1583 1167 1648 ll
1181 1581 1221 1634 καί
1233 1582 1315 1651 δορον·

150 1665 234 1736 σόρων
244 1666 392 1738 λογομίνων,
405 1665 449 1718 εἴτε
461 1665 509 1718 ἀπδ
521 1671 565 1718 τοῦ
578 1669 698 1736 παρόντος
710 1668 811 1728 κανόνος
821 1662 895 1734 ἔλαβε
903 1665 945 1733 τὴν
955 1663 1047 1738 ἀρχὴνς
1060 1666 1105 1718 rire
1115 1665 1155 1718 rui
1164 1667 1252 1720 reiron
1261 1664 1316 1720 iar·

150 1749 295 1821 γινώσκττσ,
306 1749 336 1803 δι’
342 1749 463 1822 ίπιλογῶν
469 1754 518 1804 τῶν
528 1752 706 1804 κατοικούντων
715 1749 817 1818 ἔκδοτος
827 1751 923 1816 πόλεως
932 1749 1031 1822 ἐγίνετο.
1044 1751 1096 1806 Sed
1106 1753 1149 1806 din
1159 1758 1220 1806 ante
1229 1753 1315 1807 deien-

150 1851 225 1892 scres
235 1837 353 1892 extitisse
362 1837 501 1892 verisimile
511 1843 557 1902 eet,
568 1837 725 1909 eosdemque
734 1833 872 1908 προπότας
881 1837 907 1891 iu
919 1837 965 1892 ills
976 1837 1165 1908 subscriptione
1176 1839 1314 1895 nominari.

296 1992 341 2046 AD
359 1991 531 2046 umanum
548 1991 676 2058 lxxiii,
695 1991 784 2056 QUAE
801 1990 865 2046 EST
883 1990 1175 2047 sumtuumlloullrr.

219 2092 252 2150 N.
265 2111 283 2147 r.
307 2093 352 2146 let
365 2093 484 2165 Γιώργιος
497 2091 510 2146 ὁ
523 2094 663 2156 Λαοδικείας
675 2098 716 2162 τῆς
729 2093 789 2165 προς
801 2093 972 2166 ’surrexeram
1001 2095 1077 2148 Hunc
1087 2095 1174 2150 locum
1183 2094 1316 2164 integram

149 2195 204 2232 uon
224 2194 282 2232 esse
299 2179 425 2250 suspicari
441 2180 533 2251 aliquis
549 2179 640 2252 possit
674 2179 741 2234 Nem
752 2179 880 2234 Laodicea
892 2180 984 2249 Syriae
999 2178 1064 2234 nihil
1078 2180 1110 2233 ad
1122 2178 1247 2250 Daphnen
1257 2195 1315 2252 per-

148 2264 225 2318 tinet.
248 2263 398 2320 Antiochino
409 2282 485 2336 porro
496 2265 588 2334 Syriae
599 2270 678 2335 ceput
688 2270 862 2335 cognomento
876 2263 914 2316 ίπί
926 2263 1037 2335 Δάφνης,
1055 2265 1089 2320 ab
1106 2265 1315 2322 amoenisiasiuuo

149 2349 291 2415 suburbio,
309 2366 325 2402 a
341 2349 439 2404 Latinis
457 2351 535 2404 etiam
547 2349 726 2420 Epidaphnae,
744 2357 774 2404 ut
791 2351 861 2422 apud
877 2350 942 2404 Plin.
954 2351 999 2405 lib.
1012 2369 1036 2404 τ.
1053 2365 1110 2422 esp.
1123 2367 1186 2406 xxv.-
1209 2351 1315 2406 Tacitus

150 2435 194 2488 lib.
206 2453 238 2490 u.
247 2435 315 2488 Anu.
327 2435 363 2488 ait
376 2436 527 2490 Germanico
539 2438 679 2506 sepulcrum
690 2437 845 2490 Aratioclrr'no
857 2441 1023 2500 coustitutum,
1034 2437 1079 2490 τιδι’
1090 2446 1224 2500 cremonae,
1237 2437 1315 2490 tride-

150 2522 198 2573 κοί
210 2519 396 2591 Epidaphnae,
414 2539 459 2590 pao
474 2524 501 2573 ιἰι
517 2523 571 2574 Ιοοο
582 2524 782 2590 vitarafim'erot.
815 2521 943 2576 Nimirum
961 2522 1031 2591 quod
1048 2519 1087 2574 lm
1103 2518 1200 2592 Δδρνῃ,
1217 2523 1259 2576 τοί
1276 2519 1316 2576 irtl

152 2601 252 2675 Δίρκης
267 2605 357 2660 crebro
374 2607 557 2672 nominaretur,
574 2607 646 2677 vulgi
661 2606 848 2660 consuetudine
864 2605 974 2670 tactum,
991 2611 1021 2659 ut
1036 2621 1088 2660 uua
1103 2620 1167 2660 roos
1177 2603 1314 2676 Ἐκιδίριη

150 2689 262 2762 Daphne
279 2691 336 2760 ipsa
354 2690 491 2755 diceretur3
511 2691 729 2762 quemadmodum
749 2707 781 2744 ex
800 2691 901 2745 duabus
920 2691 978 2746 istis
996 2691 1140 2744 Homericis
1157 2691 1265 2746 uocibus
1282 2690 1315 2745 τίν

150 2773 274 2846 Ἀρίμοις,
286 2777 418 2830 Inarimen
430 2774 704 2845 conflesssVirgilium
715 2777 879 2846 grammatici
895 2777 1069 2846 auspicantur.
1103 2775 1189 2840 Quare
1204 2791 1257 2831 non
1274 2793 1315 2830 ee·

151 2861 252 2916 rentior
264 2859 370 2926 ortelio,
382 2862 426 2932 qni
439 2860 507 2931 apud
516 2859 634 2914 Tacitum
646 2866 673 2914 et
682 2861 795 2916 Plinium
806 2878 854 2932 pro
867 2861 1030 2931 Εριόορίιιιο,
1043 2862 1084 2914 τοί
1096 2859 1264 2932 Epidaphnae
1274 2877 1313 2916 re·

150 2943 318 3000 scribendum
330 2946 409 3000 credit
420 2946 519 3000 Latinis
529 2947 649 3012 uocibus,
667 2949 738 3016 opud
750 2945 884 3016 Daphnea.
907 2945 947 3000 Ex
963 2947 997 3000 iis
1014 2945 1106 3000 merito
1124 2946 1315 3017 coniicipoteet

150 3029 223 3102 apud
231 3029 403 3102 Epiphaniam
414 3031 516 3085 inverso
524 3032 661 3086 verborum
671 3031 759 3086 ordine
768 3033 806 3084 its
813 3031 867 3100 legi
875 3030 961 3100 potius
971 3035 1097 3101 oportere,
1108 3033 1151 3097 τῆς
1161 3031 1222 3100 πρδς
1229 3027 1313 3102 Δόρνῃ

152 3113 301 3186 ’Δντιχιίοις,
319 3131 397 3185 quam
410 3120 451 3182 τῆς
464 3117 525 3186 πρδς
537 3114 643 3186 Ἀντιοχ.
653 3117 714 3186 Δαρ.
749 3115 839 3186 Neque
856 3121 944 3168 τουτου
960 3121 1097 3186 propteroa
1109 3116 1262 3186 explicatior
1272 3115 1314 3172 hlc
1340 3139 1361 3180 ο.
1371 3128 1415 3170 τοο

151 3202 210 3272 ipae
221 3201 293 3254 locus
303 3201 390 3256 inerit.
409 3200 587 3266 Quaerendum
600 3201 671 3254 enlm
682 3207 815 3272 praeterea
827 3217 872 3256 cur
880 3199 1008 3254 Laodicea
1018 3203 1060 3267 τῆς
1069 3197 1216 3272 ’Δντιοχιίοις
1227 3203 1314 3272 appel·

152 3285 240 3340 letor?
263 3289 303 3340 Δτι
315 3285 363 3340 hoc
376 3287 576 3342 existimandum
589 3293 641 3352 est,
657 3284 822 3342 Antiochiam
834 3286 875 3340 rel
886 3285 1012 3355 Daphnen
1029 3301 1076 3355 pro
1092 3286 1198 3355 regione
1215 3288 1273 3357 ipsa
1288 3293 1315 3342 el

152 3369 304 3441 coelesyria
314 3387 501 3443 nonnunquam
512 3373 649 3444 usurpari?
666 3371 735 3442 quod
750 3371 885 3441 sequeutia
901 3371 1007 3435 docent,
1024 3387 1084 3424 cum
1098 3369 1170 3424 addit
1184 3371 1261 3442 ἤγουν
1272 3377 1314 3440 τῆς

152 3453 244 3522 llo-Dap
257 3455 351 3526 Συρίας.
369 3456 564 3528 Daphneneium
576 3457 679 3527 quidem
691 3455 904 3510 Comitatensinm
916 3456 982 3509 inter
993 3456 1110 3526 legionen
1120 3457 1214 3512 nolitia
1223 3459 1314 3512 memi-

153 3541 201 3596 οἰκ
219 3539 338 3596 Dicerem
346 3541 500 3596 Antiocheni
509 3543 618 3597 alicuius
627 3543 740 3614 episcopi
751 3557 848 3596 nomon
856 3539 898 3596 hio
907 3541 1055 3606 desiderari,
1067 3543 1090 3596 si
1101 3543 1160 3612 quis
1169 3549 1316 3598 occurreret

153 3625 375 3682 Semiarianornm
383 3627 470 3682 fautor
482 3633 508 3680 st
519 3627 634 3698 signifer,
647 3628 791 3682 cuiusmodi
801 3629 902 3682 nullum
912 3627 1021 3697 reperio.
1038 3626 1093 3680 lmo
1103 3643 1163 3682 vere
1173 3626 1315 3696 nudemur,

153 3711 201 3784 qui
211 3711 399 3768 Antiochenam
411 3713 498 3767 aedem
510 3719 570 3784 post
581 3713 680 3768 Leontii
697 3713 796 3767 obitum
814 3713 963 3784 occuparit,
980 3711 1072 3766 Basilii
1088 3727 1119 3766 ac
1132 3711 1238 3784 Georgii
1248 3711 1314 3768 Lao·

154 3796 239 3852 dicuni
250 3813 296 3867 per
306 3797 352 3852 illa
363 3805 480 3868 tempora
491 3796 573 3852 hostis
585 3799 724 3852 acerrimus
735 3798 793 3854 tuit.
817 3797 882 3852 Vide
899 3797 1001 3852 Surum.
1012 3797 1057 3852 lib.
1067 3815 1101 3852 ιτ.
1114 3813 1168 3869 cap.
1177 3815 1225 3853 arr.
1236 3807 1264 3853 et
1273 3814 1314 3852 se·

154 3883 302 3953 quentibus.
321 3881 413 3938 credet
423 3883 502 3954 igitur
514 3883 608 3952 aliquio
620 3883 652 3936 ab
663 3882 807 3954 Epiphanio
819 3882 863 3950 rip
875 3880 914 3935 ἐπί
925 3881 1063 3954 ’Δντιοχοίρ
1071 3883 1169 3954 Δόρνην
1180 3899 1228 3954 pro
1237 3881 1314 3938 coela

155 3967 233 4038 Syria
243 3965 292 4022 hoc
303 3967 359 4022 loeo
372 3970 451 4032 sumi,
470 3967 538 4038 quod
556 3985 652 4022 novum
664 3967 727 4022 mihi
738 3977 765 4022 et
775 3967 918 4022 inauditum
931 3984 989 4022 esse
999 3967 1090 4023 falsor.
1125 3967 1198 4032 Quod
1209 3969 1260 4024 nisi
1271 3970 1315 4024 cui

155 4054 370 4108 coniecturalem
386 4055 501 4124 placeat,
518 4053 709 4123 simplicissime
731 4061 756 4108 et
773 4054 884 4108 fortasse
900 4069 961 4108 vora
977 4053 1044 4106 ratic
1069 4060 1119 4117 eet,
1141 4059 1171 4108 ut
1186 4053 1315 4110 Laodices

155 4145 329 4210 cognomento
343 4139 466 4209 Daphnea
478 4139 608 4210 appellata
619 4138 742 4204 videatur,
759 4138 827 4210 quod
844 4140 868 4192 ei
885 4140 941 4192 loco
958 4139 1038 4208 longe
1052 4138 1214 4194 nobilissimo
1230 4155 1261 4194 uc
1272 4155 1313 4194 ce·

155 4223 291 4278 laberrimo
303 4225 450 4295 propinqua
460 4224 539 4288 soret,
556 4223 619 4276 κατὰ
630 4223 760 4292 διαστολὴν
772 4224 915 4278 Laodiceae
927 4223 1045 4288 alterius,
1060 4224 1114 4277 imo
1126 4225 1237 4294 plurium
1249 4226 1313 4280 alia·

156 4325 214 4364 rum
231 4311 424 4379 cognominum.
458 4309 528 4364 lnter
545 4308 611 4362 hanc
621 4324 696 4372 vero,
714 4309 755 4363 cui
767 4317 793 4363 et
805 4309 929 4362 Callosus
940 4324 1036 4362 nomeu
1047 4308 1169 4374 inditum,
1187 4311 1312 4364 stantio-

156 4393 241 4448 chiam
253 4394 286 4448 ad
298 4393 435 4460 Orontem,
450 4395 584 4448 interiecta
598 4393 648 4448 tuit
663 4392 779 4465 Daphne.
814 4391 888 4456 Quod
905 4401 933 4448 ut
949 4409 1088 4464 expressus
1102 4393 1243 4449 declararet
1253 4394 1313 4466 Epi·

156 4479 280 4552 phanias,
302 4479 396 4536 adiecit
412 4479 487 4549 ἤγουν
506 4477 594 4545 Κοίλης
611 4479 710 4550 Συρίας,
733 4495 766 4532 ne
788 4480 846 4549 quis
868 4477 1007 4549 Phrygiam
1029 4485 1145 4549 putarer,
1167 4486 1213 4534 aut
1234 4479 1313 4536 diam

158 4566 306 4638 quemlibet.
1052 4593 1055 4602 ·

223 4649 255 4706 tl.
268 4669 296 4706 rr.
319 4649 349 4704 ‘ll
362 4649 420 4722 ιἰγίρ
431 4651 554 4719 σύνοδος]
588 4649 685 4722 uagas
701 4649 776 4709 nobis
787 4665 840 4705 nou
852 4651 937 4705 solum
948 4649 980 4704 de
991 4649 1135 4721 Epiphanio
1149 4657 1251 4718 uestro,
1266 4653 1313 4708 sed
1402 4694 1410 4711 ,
