3274 5154
383 313 489 426 oouc‘

385 521 480 592 triplici
490 521 665 578 Antiochense
682 521 804 578 ecclesiae
820 521 930 578 Erectio
946 522 1052 578 medon
1063 538 1149 578 rerum
1161 522 1398 578 melesiutierratn
1409 521 1532 594 scriptores

385 609 513 661 consules.

353 729 358 742 .
452 692 483 746 N.
496 711 574 748 xxxv.
599 691 667 760 Πλὴν
679 689 704 744 ἐν
717 690 750 746 te
761 691 847 764 μέρει]
882 692 940 746 Non
952 699 1089 764 propterea
1100 693 1262 750 daruuandus
1276 698 1317 748 eat
1328 694 1460 758 hieletius,
1476 693 1533 763 qnod

383 779 472 832 locum
484 779 559 832 illum
571 795 604 832 ex
616 778 738 832 Proverb.
750 795 806 848 cap.
817 796 872 834 νιιι.
886 775 898 829 ὁ
913 777 965 838 θεὸς
977 774 1056 832 ἔκτεινέ
1065 797 1101 850 ps
1117 785 1175 844 etc,
1193 779 1224 832 de
1241 780 1357 834 mereata
1373 779 1495 850 apuria
1508 795 1534 832 ιο

385 865 427 918 dei
438 865 517 918 serbo
529 865 712 933 interpretatus
724 863 808 918 luerit.
843 864 899 917 lloc
916 864 985 918 euim
1001 865 1117 934 plerique
1134 871 1221 934 patres
1238 865 1368 929 leserunt,
1385 871 1415 918 ut
1431 865 1534 933 lguatius
1608 889 1609 902 ν

385 951 484 1018 Martyr
494 949 577 1020 Epist.
590 947 623 1002 ad
634 948 722 1014 Trall.‚
735 947 859 1004 nunnae.
874 949 904 1001 de
916 949 1033 1002 Decretis
1044 948 1175 1003 Nicaenae
1187 949 1285 1018 Synodi
1299 957 1325 1002 et
1336 950 1383 1004 alii
1394 951 1534 1020 complures
1608 959 1609 992 l

451 1034 482 1091 N.
494 1051 595 1090 xxxma.
612 1031 655 1096 Ἐξ
667 1032 748 1084 αὐτῶν
761 1032 807 1104 γὰρ
821 1032 949 1102 Εὖζώϊορ]
974 1033 1150 1088 Caesariensis
1161 1035 1210 1088 isle
1223 1031 1277 1086 κατ’
1290 1033 1473 1102 derrdmsrelhs
1484 1035 1535 1090 diei·
1608 1087 1609 1096 ,

384 1125 433 1184 tur,
445 1126 475 1172 ut
486 1121 519 1173 ab
529 1121 609 1172 altero
619 1119 787 1183 discernatur,
800 1120 844 1188 qui
856 1135 915 1172 cum
928 1119 1051 1172 diaconus
1060 1119 1250 1172 Alexandrinae
1262 1126 1331 1172 esset
1343 1120 1475 1184 cocles'me,
1485 1135 1535 1174 cun

384 1206 445 1258 Ario
463 1205 553 1276 pulsus
570 1211 663 1274 postea
675 1202 863 1258 Antiochenam
879 1204 968 1258 sedern
987 1205 1106 1258 obtinuit.
1134 1205 1169 1258 At
1186 1203 1361 1258 Caesariensis
1378 1206 1473 1258 Acacio
1487 1221 1535 1258 suc-

384 1290 477 1343 cedens
490 1305 666 1343 successorem
678 1290 733 1358 ipse
748 1289 882 1342 Gelasium
894 1288 992 1354 habuit,
1005 1294 1033 1342 ut
1044 1289 1147 1342 Hieron.
1158 1289 1203 1344 lib.
1215 1289 1246 1342 de
1259 1289 1353 1360 Script.
1361 1289 1460 1344 Eccles.
1470 1297 1536 1344 teas

384 1381 434 1430 tur.
458 1374 514 1439 Quo
527 1375 554 1427 in
570 1375 636 1428 libro
652 1375 742 1428 Euroii
757 1376 864 1446 iusuper
877 1375 954 1428 istius
971 1375 1090 1428 meminit
1106 1390 1218 1444 eumque
1235 1375 1326 1430 scribit
1342 1391 1405 1428 curn
1422 1375 1535 1444 Gregorio

385 1459 539 1514 Naaanaeno
552 1457 687 1530 Thespesii
697 1458 807 1514 rhetoris
819 1459 963 1514 auditorem
975 1459 1117 1514 Caesareae
1128 1459 1217 1514 luisse.
1241 1459 1320 1514 Cuius
1333 1461 1407 1514 urbis
1416 1461 1536 1532 episcopa·

382 1550 440 1598 tum
462 1545 571 1616 adeptus
589 1547 701 1615 plurimo
723 1547 810 1598 labore
828 1556 974 1614 corruptam
992 1544 1167 1598 bibliothecam
1187 1545 1307 1612 ornere
1327 1557 1351 1600 ct
1367 1545 1497 1616 Pwplrs'li
1513 1551 1535 1596 ia

300 1655 302 1660 ·
383 1631 535 1684 sncmbransb
546 1634 694 1682 inuaurnrc
708 1639 815 1684 conotus
832 1639 880 1696 est,
899 1631 935 1682 acl
951 1639 1083 1686 aternum
1099 1631 1144 1682 cub
1160 1631 1184 1681 T
1181 1630 1296 1684 leodosio
1304 1635 1428 1701 princepe
1439 1633 1535 1684 aschein

381 1717 525 1786 pulsarent.

451 1800 482 1856 N.
491 1817 603 1856 xxxvuu
623 1800 674 1852 Τοῦ
688 1799 733 1854 ὑπὸ
747 1799 870 1870 Γεωργίοο
883 1803 927 1852 τοῦ
939 1799 1138 1870 Ἀλεξονδρέωρ1
1161 1799 1280 1854 Socrates
1291 1800 1337 1856 lib.
1348 1818 1375 1854 ιι.
1389 1817 1446 1872 cap.
1455 1819 1534 1860 urin,

383 1894 410 1940 et
421 1886 524 1940 Sozom.
538 1887 583 1938 lib.
596 1905 630 1940 ιν.
644 1901 700 1955 cap.
713 1903 749 1940 rr.
767 1885 871 1940 Aetium
889 1886 1007 1940 scribunt
1024 1901 1040 1938 a
1056 1885 1165 1938 Leontio
1182 1886 1278 1939 evirato
1291 1884 1446 1940 Antiochiae
1461 1885 1535 1938 diaes·

382 1988 446 2024 num
458 1971 620 2039 ordinatum,
633 1971 703 2041 qued
714 1977 740 2023 et
751 1969 845 2024 Suidas
858 1987 887 2024 ac
900 1970 1060 2042 Nicephorue
1072 1971 1198 2040 sequitur.

572 2159 617 2214 AD
634 2157 809 2214 HAERESIM
825 2157 952 2222 uxxlv.
968 2157 1356 2214 PNEUMAEOMAOEORUM.

449 2271 487 2324 De
504 2269 746 2324 Pneumatomachis
770 2286 911 2340 eorumque
930 2269 1045 2340 principe
1066 2269 1218 2323 Macedonio
1236 2271 1293 2340 agit
1309 2269 1433 2324 Socrates
1456 2270 1496 2324 lib.
1510 2287 1534 2322 n.

382 2371 439 2426 cap.
450 2373 529 2410 xxxv.
542 2355 645 2410 Senem
656 2357 701 2409 lib.
712 2373 746 2410 ιν.
759 2371 814 2426 cap.
824 2373 877 2408 xix.

656 2543 701 2596 AD
719 2541 892 2596 HAERESIM
908 2541 1026 2608 txxv„
1043 2541 1273 2598 AERIANORUM.

449 2653 480 2708 N.
493 2673 511 2708 1.
534 2651 615 2724 Ὅπερ
632 2651 656 2706 ἐν
672 2657 707 2724 τῷ
721 2653 809 2724 Πόντῳ
821 2653 951 2723 καλεῖται]
974 2653 1037 2708 Vide
1055 2653 1201 2708 Nauanzeni
1219 2656 1367 2726 elegantem
1382 2655 1456 2710 illam
1473 2654 1535 2707 Orat
1608 2677 1609 2708 l

382 2738 435 2810 cept
448 2738 626 2809 ψιλονετωχίος
639 2746 664 2792 et
675 2738 780 2792 Niceten
792 2739 826 2793 ad
837 2755 895 2794 eam
907 2738 1033 2795 scholion.

449 2824 494 2876 liet
505 2824 561 2886 τοὺς
570 2823 756 2895 λελωβημένονς
768 2824 808 2876 ael
817 2822 968 2892 ἀδυνάτους]
983 2823 1088 2896 Proprie
1100 2821 1231 2885 ἀδυνάτους
1242 2825 1376 2896 appellaui
1387 2829 1535 2880 οιιιιιιονίοι.

380 2909 444 2964 Vide
456 2911 685 2980 Harpocratiouem
698 2916 724 2963 et
735 2909 841 2979 Lysiam
854 2910 923 2964 Orat.
936 2908 1045 2980 περὶτοῦ
1057 2907 1199 2965 Ἀδονάτοο.
1608 2939 1609 2966 ἢ

448 2996 560 3065 Νομίοιο
573 2993 596 3048 δ’
609 2991 637 3048 ἄν
649 2995 703 3066 περ]
737 2995 776 3048 De
791 2995 925 3050 Eustatbio
935 2994 1081 3050 sebasteno
1093 2995 1136 3048 adi
1147 2999 1248 3066 praeter
1259 2997 1536 3052 ecuaintiemnre
1608 2991 1609 3010 ³

380 3097 439 3134 rum
451 3082 588 3151 scriptores
600 3080 728 3133 Basilium
739 3079 820 3150 Epist.
830 3097 927 3143 unxia,
940 3084 966 3132 et
977 3080 1034 3132 aliis
1046 3079 1202 3150 quibusdam
1213 3081 1393 3152 sequentibus.
1423 3083 1497 3136 Hunc
1507 3081 1536 3134 ab

380 3167 462 3219 altero
478 3167 594 3220 eiusdem
611 3166 725 3220 nominis
740 3163 889 3230 Eustathio,
907 3165 952 3235 qui
969 3165 997 3218 in
1010 3165 1157 3236 Gangreusi
1173 3166 1271 3236 synodo
1289 3167 1479 3222 condemnatus
1495 3172 1536 3228 cat,

380 3251 510 3306 diversum
529 3269 585 3304 esse
602 3251 695 3322 probat
711 3250 834 3304 adsersus
852 3250 998 3316 Socratem,
1017 3249 1191 3306 Soaemeuum
1209 3257 1235 3306 et
1255 3258 1384 3320 caeteros,
1403 3253 1434 3308 iu
1450 3251 1536 3308 Annei

379 3335 509 3389 Beronius
521 3334 554 3388 ad
566 3353 590 3388 a.
599 3335 657 3390 319.

448 3417 536 3482 Ἔδοξε
549 3420 575 3472 δὲ
587 3419 627 3472 καὶ
639 3421 700 3491 πρὸς
713 3420 841 3492 hilliricus]
860 3421 1042 3476 Macedoniani
1053 3421 1219 3476 subvehente
1230 3423 1386 3494 imperatae
1398 3425 1432 3478 ab
1440 3424 1535 3478 Arianis

380 3506 498 3576 oppressi
508 3507 609 3574 legatos
622 3505 654 3558 ed
666 3506 797 3559 Liberium
809 3522 905 3576 papam
917 3505 1059 3571 destinant,
1074 3506 1238 3562 Eustathium
1255 3505 1444 3573 Sebastenam,
1459 3509 1536 3562 Silua·
1608 3529 1609 3536 ν

379 3609 443 3644 num
451 3591 606 3644 Tarsensem
619 3595 644 3644 et
655 3591 732 3658 alios,
743 3608 790 3663 per
802 3607 867 3660 quos
879 3588 910 3652 cic
923 3591 951 3643 rb
965 3588 1080 3662 ὃροόσιον
1092 3593 1283 3646 consentientes
1294 3595 1394 3664 recepti
1403 3599 1473 3648 sunt
1489 3591 1535 3644 Sed

379 3692 411 3728 ea
428 3676 536 3729 consilia
551 3677 584 3728 ab
596 3675 713 3730 Eudoxio
730 3682 822 3746 postea
838 3677 983 3730 disturbata
998 3683 1066 3731 sunt
1089 3677 1153 3732 Vide
1171 3677 1304 3734 Socratem
1321 3679 1367 3733 lib.
1378 3698 1419 3735 m.
1436 3695 1492 3750 cap.
1503 3695 1536 3730 rr.

378 3761 530 3815 Eustathius
540 3778 617 3831 porro
629 3760 725 3814 Liberii
738 3762 869 3832 pontificis
885 3761 966 3816 literis
982 3761 1064 3816 fretus
1081 3762 1109 3814 in
1120 3761 1264 3832 Tyrmensi
1280 3764 1391 3818 concilio
1407 3763 1535 3818 restitutus

379 3851 426 3899 est.
449 3845 563 3901 Basilius
575 3845 788 3917 talipiacum.
802 3852 828 3901 el
841 3865 946 3902 uxxxrr.

446 3930 477 3985 N.
489 3949 528 3986 nr.
551 3929 598 3982 liet
616 3949 686 4002 pnes,
705 3931 727 3982 ri
745 3929 807 3983 ἔστιν
826 3930 978 3998 ἐπίσκοπος]
1013 3932 1099 3986 Habes
1116 3933 1143 3987 in
1157 3933 1276 3986 Adrianis
1294 3949 1449 4005 expressam
1464 3933 1535 3986 huius

379 4017 503 4088 temporis
514 4015 703 4070 haereticorum
713 4016 864 4086 imaginem.
891 4016 975 4082 Quare
992 4018 1169 4074 camillorum
1187 4017 1323 4087 dogmata,
1340 4021 1436 4089 quibus
1452 4035 1536 4074 receu-

379 4102 458 4155 tiores
470 4102 514 4158 isti
524 4103 726 4174 patrocinantur,
738 4101 846 4155 damnat
857 4118 886 4156 ac
896 4101 991 4156 refellit
999 4101 1169 4174 Epiphanius,
1180 4103 1287 4174 plenum
1296 4105 1435 4176 grauitatis
1446 4103 1536 4159 autori·

379 4188 492 4257 tutisque
502 4187 626 4240 indicium
637 4187 665 4240 in
678 4187 783 4240 eosdem
794 4188 864 4258 ipsos
876 4187 1035 4258 pronuntiat.

280 4301 301 4340 p.
311 4289 354 4334 82⁹.
447 4270 497 4339 Τὴν
510 4269 649 4341 οἰκονομίαν
662 4275 702 4340 τῆς
714 4271 848 4341 λατρείας]
871 4271 937 4336 Quid
949 4272 984 4327 sit
994 4273 1094 4326 dicetur
1105 4273 1138 4326 ad
1148 4273 1346 4345 Exposilieuem
1356 4274 1437 4332 Fidei.

447 4357 477 4410 N.
489 4375 524 4410 ιν.
541 4356 587 4408 liei
599 4355 636 4408 brt
649 4357 691 4427 μὲν
703 4353 839 4428 ἀφροσύνης
852 4354 934 4424 ἐστίν]
954 4357 1102 4429 Disputarit
1112 4358 1144 4411 de
1155 4375 1188 4411 ea
1198 4359 1348 4430 quaestione
1360 4359 1536 4430 copiosissima

378 4441 507 4497 Batonius
519 4441 553 4494 ad
564 4459 661 4496 anuum
674 4460 751 4508 ινιιι,
768 4442 813 4495 ubi
824 4441 1005 4497 difficillimum
1017 4460 1050 4498 ex
1061 4443 1212 4514 Hieronymi
1227 4445 1365 4498 autoritate
1379 4445 1478 4500 uodmu
1489 4445 1535 4496 dis·

380 4528 469 4593 solvit,
485 4527 529 4597 qui
543 4529 570 4580 in
582 4527 698 4597 Epistola
708 4545 806 4582 urrxv.
818 4526 851 4580 ad
861 4527 1003 4598 Eragrium
1013 4527 1077 4584 nihil
1089 4529 1152 4584 olim
1163 4530 1300 4602 episcopos
1310 4530 1380 4584 iuter
1390 4545 1422 4584 ac
1431 4531 1533 4600 presby·

379 4615 448 4665 toros
459 4612 541 4666 luisse
553 4611 708 4666 discriminis
719 4613 864 4667 affirmasse
875 4612 982 4669 ridetur.
1608 4641 1609 4652 ν
