3274 5154
1149 347 1306 408 GilIaXXIX

139 499 258 554 munds
268 498 330 554 fidei
340 499 452 556 formuls
468 490 604 554 in‘eodem
616 499 752 556 Simiensi
768 500 864 573 oppido
881 501 915 555 ab
933 499 1052 568 Ursscio,
1064 501 1173 558 Valente
1191 503 1305 576 Osioqus

137 583 270 656 prodiret,
285 601 353 655 quse
364 591 424 657 post
434 586 578 654 relegstum
588 585 726 650 Hilarium,
742 601 792 640 nso
805 586 885 656 longe
902 593 962 642 ente
973 587 1103 658 synodum
1115 589 1305 646 Ariminensem

138 667 211 724 edite
222 677 270 735 eet,
283 677 312 724 ut
322 687 356 724 er
368 669 458 726 eodem
466 669 563 726 Hilsrio
575 676 690 738 constet;
700 687 785 742 neque
793 676 879 742 potest
887 686 956 726 suno
966 687 1082 730 occurri.
1092 673 1234 730 sirmiense
1243 692 1304 730 con·
1328 713 1350 753 ρ,
1360 701 1404 744 215,

138 754 232 810 cilium
244 755 384 810 ullomodo
395 771 546 825 congruere.

208 840 346 898 Neminem
356 842 524 898 retmtissimi
535 841 629 896 enoris
640 841 705 896 edeo
717 847 836 897 tenecem
846 842 902 898 fore
914 843 1030 909 confido,
1047 845 1092 914 qni
1108 862 1161 898 non
1175 851 1215 900 tot
1226 862 1303 918 ergu-

134 927 237 983 nsntis
249 927 383 982 convictus
394 933 497 982 nosnos
508 927 547 982 illi
556 944 610 984 non
623 928 739 999 opinioni
753 935 797 982 sut
813 929 989 994 coniecturae,
1005 929 1051 982 sed
1067 931 1225 986 certissimus
1236 933 1303 988 reri·

135 1013 186 1066 isti
204 1011 370 1083 suffragetur,
387 1011 503 1083 adeoque
520 1011 685 1068 vehementer
702 1013 878 1085 obstupescat,
895 1015 994 1069 nemini
1011 1014 1135 1072 hactenus
1153 1019 1303 1074 monalium

134 1103 194 1152 um
205 1097 349 1152 immunem
359 1095 482 1155 historice
492 1099 579 1154 lebeus
594 1100 622 1152 in
634 1105 707 1154 mnis
717 1099 893 1154 doctrinarum
909 1101 1026 1154 omnium
1041 1101 1098 1155 luce
1116 1108 1240 1173 tantaque
1257 1121 1304 1158 sn·

134 1183 240 1238 nulium
256 1189 283 1238 et
298 1182 478 1238 eironieomm
494 1185 570 1256 copis
586 1186 627 1240 rel
643 1184 774 1239 levissime
791 1185 945 1241 suboluisse.
968 1188 1006 1240 Ac
1023 1187 1119 1240 nostris
1137 1188 1242 1258 quidem
1259 1206 1301 1244 ec·

134 1269 236 1322 corone
247 1274 325 1339 etque
336 1268 442 1324 eruditis
453 1267 601 1326 horninibus
613 1270 698 1325 dende
708 1271 785 1326 renis
802 1277 853 1337 est,
871 1271 916 1341 qui
927 1269 1056 1336 Socratis,
1074 1272 1212 1328 sozomeni
1223 1281 1302 1345 etque

133 1353 306 1424 entiquornm
318 1355 429 1424 vestigia
444 1355 527 1411 secuti
543 1360 616 1421 sunt,
633 1356 691 1410 illos
708 1356 780 1426 ipsos
798 1356 891 1410 erroris
909 1363 1012 1412 sutores
1030 1372 1061 1412 ae
1078 1357 1157 1412 duces
1174 1375 1301 1414 excusare

132 1455 190 1492 non
201 1455 324 1510 possum,
341 1441 386 1510 qui
402 1440 546 1494 utiliorum
557 1447 703 1512 temporum
713 1441 850 1496 viciniores
862 1447 947 1507 erent,
966 1442 1003 1496 sic
1016 1442 1050 1496 sd
1061 1459 1152 1500 eorum
1164 1446 1301 1516 exploran-

133 1524 198 1580 dem
209 1523 347 1578 historim
357 1525 532 1580 instructiores
544 1543 602 1581 esse
613 1526 765 1582 debuerunt

203 1610 379 1681 Postesquam
388 1611 581 1666 firmementurn
592 1611 678 1682 ipsum
688 1610 770 1666 fuisse
782 1612 938 1667 narrationis
956 1619 982 1667 et
997 1619 1077 1684 ceput
1091 1616 1244 1681 evertimus,
1261 1633 1300 1670 re·

131 1697 216 1766 lique,
229 1711 296 1767 quse
305 1694 365 1750 huic
376 1696 468 1752 innixe
480 1697 566 1752 minus
577 1695 676 1750 hubent
685 1697 822 1762 momenti,
835 1699 928 1752 erroris
940 1716 993 1753 non
1004 1700 1092 1754 minus
1103 1706 1195 1770 suepte
1208 1707 1299 1772 sponte

130 1782 219 1836 moes
229 1781 412 1852 iniirmstaqne
423 1781 567 1836 concident
588 1781 725 1837 Eiusmodi
738 1783 860 1854 estquod
871 1783 902 1837 de
913 1783 1067 1854 nonense
1078 1785 1172 1856 synodi
1183 1793 1299 1857 tempore

130 1867 266 1932 definitur,
277 1867 305 1921 in
317 1867 428 1922 eundem
439 1883 538 1922 muns
549 1867 671 1923 incidisse
682 1883 733 1938 quo
745 1866 871 1922 Photinus
882 1869 911 1922 in
922 1869 1059 1924 Sirmiensi
1070 1871 1179 1924 concilio
1192 1871 1299 1926 damne-
1404 1905 1408 1914 ·

130 1959 177 2006 tus
188 1959 238 2018 eet,
251 1968 344 2023 nempe
355 1967 424 2007 euno
437 1967 553 2008 cccnvn.
587 1952 662 2017 Quod
672 1969 726 2008 non
737 1954 815 2008 modo
826 1953 922 2009 fulsum
934 1961 981 2021 est,
994 1956 1055 2026 quis
1066 1956 1145 2026 longe
1157 1963 1217 2010 ente
1229 1956 1299 2012 hunc

130 2053 234 2092 sunum
245 2037 415 2092 sirmiensem
425 2037 497 2092 illum
508 2037 804 2109 synodumoelebrstsm
821 2041 899 2110 penio
914 2045 974 2094 ante
991 2040 1138 2106 docuimus,
1156 2041 1202 2096 sed
1218 2044 1297 2097 etism

130 2123 204 2194 qnod
215 2125 268 2177 etsi
277 2121 328 2178 hoc
337 2124 395 2196 ipso
407 2139 476 2178 anno
487 2125 648 2194 pertuterit,
664 2141 718 2178 non
731 2129 818 2196 potest
827 2125 854 2178 in
866 2125 977 2180 eundem
988 2129 1141 2198 Ancyranus
1154 2133 1296 2182 conventus

128 2210 272 2264 incurrere.
282 2209 330 2262 Hic
339 2209 407 2264 enim
417 2208 581 2280 inrepsisse
590 2210 735 2264 celebretur
743 2215 794 2274 est;
807 2209 875 2264 unde
887 2216 914 2266 et
923 2211 1040 2283 plerique
1053 2212 1086 2265 ob
1094 2211 1207 2266 hiemem
1217 2214 1296 2268 inter·

128 2295 199 2348 clusi
209 2296 238 2349 in
247 2294 379 2365 synodice
386 2294 503 2366 spistole
513 2295 641 2350 dicunmr.
657 2294 717 2349 Non
727 2297 812 2367 potuit
823 2297 903 2367 igitur
914 2297 1005 2352 eodem
1017 2314 1086 2356 enno
1095 2296 1244 2354 sirmiensis
1253 2316 1296 2370 sy-

128 2379 217 2434 nodus
228 2379 299 2444 fieri,
316 2381 367 2434 nisi
384 2381 553 2451 posteriorem
570 2379 637 2436 hanc
650 2380 732 2436 fuisse
744 2383 820 2448 reiis,
838 2383 908 2452 qnod
924 2383 1003 2453 longe
1015 2389 1055 2436 est
1066 2383 1295 2451 absurdissimum

129 2467 259 2536 quonism
267 2465 301 2518 ed
309 2465 512 2536 oppugnsndem
521 2465 690 2522 sirmiensem
698 2467 923 2534 illsnrformulsm,
932 2485 1011 2538 quern
1022 2469 1050 2522 in
1061 2469 1171 2524 concilio
1183 2471 1296 2524 conscri-

127 2555 205 2622 ptum
217 2551 378 2616 existiment,
389 2550 528 2620 Ancyrsm
539 2557 579 2606 est
589 2552 705 2622 synodus
716 2553 830 2608 collecta.
848 2552 996 2618 Quinctium
1007 2559 1147 2624 postquem
1157 2554 1222 2610 haec
1234 2556 1296 2612 fidei

127 2636 261 2708 professio
272 2637 350 2692 eliste
361 2635 456 2690 sirmio
472 2642 524 2702 ost,
539 2636 660 2692 nonnihil
676 2643 737 2693 ente
751 2639 891 2694 concilium
903 2639 1070 2710 uenenum
1081 2641 1205 2711 temporie
1216 2643 1295 2696 inter·

128 2723 219 2776 cessit.
253 2721 321 2776 Nem
331 2721 444 2776 Hilarius
454 2721 500 2776 lib.
512 2721 543 2775 de
554 2721 667 2791 synodis
678 2739 739 2794 psg.
748 2723 806 2780 329.
819 2724 991 2779 occidentales
1008 2725 1142 2795 episcopos
1156 2727 1293 2792 collaudat,

128 2807 201 2878 quod
218 2811 321 2860 mm
337 2809 375 2862 ori
389 2825 443 2861 sese
458 2827 490 2860 ex
498 2807 633 2862 Sirmiensi
643 2811 736 2878 oppido
747 2811 927 2880 infideliofidcs‘
937 2814 1091 2879 impietatem
1103 2829 1151 2863 non
1161 2813 1233 2864 modo
1245 2831 1293 2866 noo

127 2895 307 2964 uresprssent,
317 2895 363 2946 sed
373 2896 520 2946 onomaton
531 2897 606 2946 stium
616 2895 834 2964 sipmiicotompoe
842 2896 1012 2950 denumerat.
1032 2893 1088 2958 Quo
1100 2912 1159 2950 cum
1172 2898 1292 2968 exemplo

126 2979 222 3032 scribit
230 2978 356 3032 ercitetos
365 2977 502 3032 orientsles
511 2977 647 3048 episcopos
655 2977 826 3048 insnoyrsno
836 2980 945 3036 concilio
954 2982 1153 3048 irreliqiosorom
1162 2984 1292 3036 ordocius

126 3065 279 3134 wiredum
294 3067 473 3116 coenosorum
486 3081 589 3116 nomon
602 3065 710 3118 decretis
726 3067 921 3122 contradixisse.
935 3117 936 3122 ,
954 3064 1067 3120 Necesse
1084 3071 1125 3120 est
1140 3067 1227 3137 itaque
1245 3068 1292 3122 ali-

127 3155 230 3220 quanto
241 3149 468 3220 postpublicstsm
477 3148 646 3204 sirmiensem
657 3145 747 3202 ἔκθεσιν
759 3149 1014 3222 spotiorincprsnern
1027 3151 1149 3206 eBssilio
1161 3152 1291 3221 synodum
1400 3172 1406 3181 ·

126 3252 188 3290 esse
201 3233 349 3289 conflatum.
372 3232 439 3297 Quid
450 3235 520 3305 qnod
532 3234 608 3289 Osius
620 3235 689 3306 ipss,
702 3250 718 3287 e
730 3252 780 3305 qno
793 3234 902 3290 eandem
913 3236 985 3290 illum
997 3236 1139 3306 profectum
1150 3237 1291 3292 formulam

126 3328 207 3376 sutor
215 3325 256 3374 est
264 3319 384 3385 Hilarius,
396 3335 494 3374 sunum
504 3321 635 3390 integrum
644 3320 733 3374 sinnii
740 3326 857 3375 retentus
869 3326 915 3387 est,
927 3322 1079 3393 prinsquam
1090 3322 1123 3376 sd
1135 3339 1290 3380 consensum

125 3407 296 3477 adigeretur?
323 3403 408 3468 Quere
419 3421 479 3459 cunr
490 3421 543 3460 non
555 3407 606 3460 nisi
616 3411 677 3477 posi
686 3406 791 3460 Iunium
802 3423 918 3462 mensem
930 3408 992 3462 enni
1004 3423 1109 3462 ooonvr.
1122 3407 1290 3464 Constantius

126 3491 220 3546 sirmii
229 3507 287 3544 esse
294 3491 414 3561 potnerit,
426 3507 587 3561 consequens
597 3497 637 3545 est
645 3507 714 3546 enno
723 3497 855 3563 sequente,
867 3492 958 3546 eodem
967 3493 1067 3548 circiter
1076 3498 1200 3565 temporo,
1210 3497 1290 3549 istam

125 3580 161 3632 sb
173 3577 240 3630 Orio
251 3576 438 3646 professionem
449 3576 557 3631 Arianos
569 3577 718 3632 extorsisse.
742 3577 821 3647 Atqui
833 3577 878 3632 diu
888 3583 961 3642 ente,
972 3579 1096 3634 nimirum
1108 3581 1157 3634 sub
1168 3579 1289 3651 peschels

125 3669 248 3734 ternpus,
266 3661 382 3732 Ancyese
398 3677 541 3716 convenere
558 3661 722 3727 Semisriani,
743 3661 822 3717 Vides
839 3668 951 3733 quantus
963 3663 998 3718 sit
1008 3665 1077 3736 epud
1088 3665 1146 3718 illos
1158 3667 1289 3720 rationum

125 3749 197 3804 inter
208 3763 267 3802 sese
277 3747 454 3818 sermonisque
466 3747 609 3804 conflictus.
645 3747 697 3802 seed
714 3765 748 3802 er
764 3748 810 3814 iis,
828 3764 895 3819 quae
909 3765 988 3820 suprs
999 3751 1192 3818 comtituimos,
1210 3768 1288 3822 quse·

126 3851 181 3907 que
197 3833 277 3905 penio
293 3837 355 3904 post
368 3832 504 3888 munde
520 3837 593 3900 sunt,
609 3841 718 3906 spperet
734 3833 805 3888 aliud
821 3835 975 3904 Ancyram
992 3834 1092 3905 synodo
1110 3842 1213 3908 tempus
1230 3853 1288 3892 esse

125 3919 302 3976 tribuendum

195 4004 250 4059 Nec
261 4005 348 4059 minus
359 4003 428 4076 quod
439 4003 477 4058 illi
488 4009 542 4058 tem
554 4003 647 4058 scritm
654 4009 775 4075 pugnant
781 4005 895 4060 indidem
907 4005 1040 4071 refellitur,
1052 4005 1183 4062 Liberium
1192 4023 1288 4079 pspsru

126 4091 208 4162 priori
218 4090 258 4143 illi
268 4089 329 4144 fidei
339 4089 495 4161 professioni
506 4089 702 4160 subscripsisse,
720 4106 787 4161 quoe
803 4091 831 4144 in
842 4091 979 4146 sirmiensi
989 4091 1089 4161 synodo
1101 4099 1191 4148 contre
1202 4093 1288 4148 Photi·
1313 4140 1335 4181 μ
1344 4129 1388 4172 m

126 4191 192 4232 num
204 4181 245 4228 est
255 4177 357 4229 emises
392 4175 492 4246 Quippe
504 4175 604 4244 sliquct
614 4175 690 4228 annis
701 4191 754 4229 non
766 4176 862 4230 Liberii
873 4175 948 4230 modo
960 4177 1163 4244 restitutionem,
1175 4179 1220 4233 sed
1232 4179 1288 4234 exi·

126 4262 192 4316 lium
204 4261 292 4332 ipsum
300 4259 454 4314 Photinisns
464 4261 595 4314 dumnotio
604 4262 752 4330 praecessit
768 4261 1002 4328 FeceritLiberins,
1015 4279 1103 4328 necne,
1116 4263 1186 4333 qnod
1194 4264 1287 4320 fecisse

126 4348 244 4418 plerique
255 4350 372 4400 reternrn
383 4351 496 4416 petrum,
514 4353 545 4399 ut
553 4345 724 4411 ithacesius,
740 4346 913 4417 Hieronymus
925 4348 1020 4418 sliiqne
1031 4349 1209 4414 consentiunt,
1222 4349 1288 4406 nihil

127 4432 160 4486 sd
170 4433 318 4486 institutam
329 4429 530 4502 disputationem
540 4432 639 4486 uttinet
659 4431 762 4485 Etenim
772 4432 829 4486 seri
840 4437 932 4503 potest,
945 4439 974 4487 ut
984 4450 1043 4487 cunr
1054 4432 1170 4500 Ursscio,
1179 4435 1286 4490 Veiente

127 4533 158 4571 ao
169 4517 278 4588 reliquis
289 4517 392 4572 Arianis
403 4519 632 4572 communicaverit
643 4517 748 4588 quidem
759 4522 785 4571 et
795 4518 967 4572 Athanasium
979 4519 1149 4586 dsmnursrit,
1166 4521 1211 4574 sed
1226 4519 1286 4574 hae·

127 4601 223 4658 resono
233 4603 355 4675 pruritus
365 4617 530 4676 nequequam
540 4603 734 4675 subscripserit,
748 4601 872 4659 haeretici
881 4620 942 4660 vero
956 4605 1035 4661 etism
1046 4605 1240 4677 comprobatum
1251 4605 1284 4660 eb
