<?xml version="1.0" encoding="UTF-8"?>
<!DOCTYPE html PUBLIC "-//W3C//DTD XHTML 1.0 Transitional//EN"
    "http://www.w3.org/TR/xhtml1/DTD/xhtml1-transitional.dtd">
<html xmlns="http://www.w3.org/1999/xhtml" xml:lang="en" lang="en">
 <head>
  <title>
</title>
<meta http-equiv="Content-Type" content="text/html;charset=utf-8" />
  <meta name='ocr-system' content='tesseract 3.04.00' />
  <meta name='ocr-capabilities' content='ocr_page ocr_carea ocr_par ocr_line ocrx_word'/>
</head>
<body>
  <div class='ocr_page' id='page_1' title='image "./corporishaerese03unkngoog_0153.png"; bbox 0 0 3216 5152; ppageno 0'>
   <div class='ocr_carea' id='block_1_1' title="bbox 320 373 403 432">
    <p class='ocr_par' dir='ltr' id='par_1_1' title="bbox 320 373 403 432">
     <span class='ocr_line' id='line_1_1' title="bbox 320 373 403 432; baseline 0 0"><span class='ocrx_word' id='word_1_1' title='bbox 320 373 403 432; x_wconf 84' lang='lat' dir='ltr'><strong>XXX</strong></span> 
     </span>
    </p>
   </div>
   <div class='ocr_carea' id='block_1_2' title="bbox 214 527 1477 4708">
    <p class='ocr_par' dir='ltr' id='par_1_2' title="bbox 314 527 1474 1027">
     <span class='ocr_line' id='line_1_2' title="bbox 320 527 1469 602; baseline 0 -20"><span class='ocrx_word' id='word_1_2' title='bbox 320 529 434 602; x_wconf 70' lang='grc' dir='ltr'><strong>νομικοὺς</strong></span> <span class='ocrx_word' id='word_1_3' title='bbox 446 533 579 600; x_wconf 65' lang='lat' dir='ltr'><strong>distinguit</strong></span> <span class='ocrx_word' id='word_1_4' title='bbox 588 528 637 582; x_wconf 79' lang='lat' dir='ltr'><strong>inb</strong></span> <span class='ocrx_word' id='word_1_5' title='bbox 658 533 707 582; x_wconf 85' lang='grc' dir='ltr'><strong>τῶν</strong></span> <span class='ocrx_word' id='word_1_6' title='bbox 722 527 954 600; x_wconf 81' lang='grc' dir='ltr'><strong>νομοδιδοιοκύιλοιν,</strong></span> <span class='ocrx_word' id='word_1_7' title='bbox 971 531 1021 582; x_wconf 82' lang='grc' dir='ltr'><strong>τῶν</strong></span> <span class='ocrx_word' id='word_1_8' title='bbox 1033 529 1074 581; x_wconf 79' lang='lat' dir='ltr'><strong>rol</strong></span> <span class='ocrx_word' id='word_1_9' title='bbox 1085 529 1260 601; x_wconf 77' lang='grc' dir='ltr'><strong>γραμματέων.</strong></span> <span class='ocrx_word' id='word_1_10' title='bbox 1290 527 1395 582; x_wconf 75' lang='lat' dir='ltr'><strong>Eosdem</strong></span> <span class='ocrx_word' id='word_1_11' title='bbox 1413 533 1469 582; x_wconf 75' lang='lat' dir='ltr'><strong>aaa</strong></span> 
     </span>
     <span class='ocr_line' id='line_1_3' title="bbox 314 614 1470 687; baseline -0.003 -17"><span class='ocrx_word' id='word_1_12' title='bbox 314 615 555 687; x_wconf 66' lang='grc' dir='ltr'><strong>,Ιααύύγραμματέας</strong></span> <span class='ocrx_word' id='word_1_13' title='bbox 564 615 834 687; x_wconf 73' lang='grc' dir='ltr'><strong>ούνομοδιδαοκάλονς,</strong></span> <span class='ocrx_word' id='word_1_14' title='bbox 848 617 957 686; x_wconf 82' lang='lat' dir='ltr'><strong>aquibus</strong></span> <span class='ocrx_word' id='word_1_15' title='bbox 969 618 1101 684; x_wconf 68' lang='lat' dir='ltr'><strong>distinguit</strong></span> <span class='ocrx_word' id='word_1_16' title='bbox 1115 615 1171 677; x_wconf 74' lang='grc' dir='ltr'><strong>τούς</strong></span> <span class='ocrx_word' id='word_1_17' title='bbox 1182 614 1305 686; x_wconf 75' lang='grc' dir='ltr'><strong>νομικοὺς,</strong></span> <span class='ocrx_word' id='word_1_18' title='bbox 1322 633 1380 685; x_wconf 81' lang='lat' dir='ltr'><strong>quor</strong></span> <span class='ocrx_word' id='word_1_19' title='bbox 1389 633 1470 668; x_wconf 86' lang='lat' dir='ltr'><strong>ocrea·</strong></span> 
     </span>
     <span class='ocr_line' id='line_1_4' title="bbox 320 699 1472 772; baseline -0.003 -18"><span class='ocrx_word' id='word_1_20' title='bbox 320 711 358 754; x_wconf 84' lang='lat' dir='ltr'><strong>aet</strong></span> <span class='ocrx_word' id='word_1_21' title='bbox 367 701 527 756; x_wconf 71' lang='lat' dir='ltr'><strong>Pharisaeia.</strong></span> <span class='ocrx_word' id='word_1_22' title='bbox 545 703 613 756; x_wconf 48' lang='lat' dir='ltr'><strong>*Ideo</strong></span> <span class='ocrx_word' id='word_1_23' title='bbox 628 711 697 754; x_wconf 84' lang='lat' dir='ltr'><strong>recte</strong></span> <span class='ocrx_word' id='word_1_24' title='bbox 710 706 759 766; x_wconf 82' lang='lat' dir='ltr'><strong>ait,</strong></span> <span class='ocrx_word' id='word_1_25' title='bbox 776 703 881 769; x_wconf 80' lang='grc' dir='ltr'><strong>συνῆσαν</strong></span> <span class='ocrx_word' id='word_1_26' title='bbox 894 699 940 772; x_wconf 75' lang='grc' dir='ltr'><strong>γὰρ</strong></span> <span class='ocrx_word' id='word_1_27' title='bbox 958 700 1040 761; x_wconf 79' lang='grc' dir='ltr'><strong>αὐτοῖς</strong></span> <span class='ocrx_word' id='word_1_28' title='bbox 1053 700 1094 752; x_wconf 80' lang='lat' dir='ltr'><strong>aul</strong></span> <span class='ocrx_word' id='word_1_29' title='bbox 1105 699 1127 752; x_wconf 88' lang='lat' dir='ltr'><strong>oi</strong></span> <span class='ocrx_word' id='word_1_30' title='bbox 1139 700 1243 771; x_wconf 70' lang='grc' dir='ltr'><strong>νομικοὶ,</strong></span> <span class='ocrx_word' id='word_1_31' title='bbox 1268 700 1376 766; x_wconf 79' lang='lat' dir='ltr'><strong>Eodem,</strong></span> <span class='ocrx_word' id='word_1_32' title='bbox 1395 699 1472 768; x_wconf 86' lang='lat' dir='ltr'><strong>iuquit</strong></span> 
     </span>
     <span class='ocr_line' id='line_1_5' title="bbox 321 783 1472 857; baseline -0.002 -17"><span class='ocrx_word' id='word_1_33' title='bbox 321 789 375 840; x_wconf 81' lang='lat' dir='ltr'><strong>loeo</strong></span> <span class='ocrx_word' id='word_1_34' title='bbox 387 789 551 842; x_wconf 65' lang='lat' dir='ltr'><strong><em>censebantur</em></strong></span> <span class='ocrx_word' id='word_1_35' title='bbox 561 787 701 841; x_wconf 71' lang='lat' dir='ltr'><em>Pharisaei</em></span> <span class='ocrx_word' id='word_1_36' title='bbox 712 797 737 840; x_wconf 81' lang='lat' dir='ltr'><strong>rt</strong></span> <span class='ocrx_word' id='word_1_37' title='bbox 747 786 854 857; x_wconf 72' lang='lat' dir='ltr'><strong>vopisci,</strong></span> <span class='ocrx_word' id='word_1_38' title='bbox 872 791 915 856; x_wconf 82' lang='lat' dir='ltr'><strong>qai</strong></span> <span class='ocrx_word' id='word_1_39' title='bbox 925 793 1038 856; x_wconf 77' lang='lat' dir='ltr'><strong>quomva&#39;a</strong></span> <span class='ocrx_word' id='word_1_40' title='bbox 1048 805 1123 839; x_wconf 81' lang='lat' dir='ltr'><strong>arara</strong></span> <span class='ocrx_word' id='word_1_41' title='bbox 1135 804 1227 856; x_wconf 80' lang='lat' dir='ltr'><strong>corpas</strong></span> <span class='ocrx_word' id='word_1_42' title='bbox 1238 785 1278 838; x_wconf 76' lang='grc' dir='ltr'><strong>καὶ</strong></span> <span class='ocrx_word' id='word_1_43' title='bbox 1289 783 1372 854; x_wconf 82' lang='grc' dir='ltr'><strong>ταγμύι</strong></span> <span class='ocrx_word' id='word_1_44' title='bbox 1389 788 1472 855; x_wconf 72' lang='lat' dir='ltr'><strong>efficie-</strong></span> 
     </span>
     <span class='ocr_line' id='line_1_6' title="bbox 321 871 1474 942; baseline -0.003 -17"><span class='ocrx_word' id='word_1_45' title='bbox 321 874 394 938; x_wconf 86' lang='lat' dir='ltr'><strong>boat,</strong></span> <span class='ocrx_word' id='word_1_46' title='bbox 416 884 499 927; x_wconf 83' lang='lat' dir='ltr'><strong>tameo</strong></span> <span class='ocrx_word' id='word_1_47' title='bbox 515 883 573 926; x_wconf 83' lang='lat' dir='ltr'><strong>erat</strong></span> <span class='ocrx_word' id='word_1_48' title='bbox 593 876 729 927; x_wconf 78' lang='lat' dir='ltr'><strong>discrimen</strong></span> <span class='ocrx_word' id='word_1_49' title='bbox 745 875 870 942; x_wconf 76' lang='lat' dir='ltr'><em>quoddam</em></span> <span class='ocrx_word' id='word_1_50' title='bbox 886 877 953 924; x_wconf 82' lang='lat' dir='ltr'><strong>inter</strong></span> <span class='ocrx_word' id='word_1_51' title='bbox 968 871 1125 926; x_wconf 73' lang='lat' dir='ltr'><strong>Pharisaeos</strong></span> <span class='ocrx_word' id='word_1_52' title='bbox 1140 871 1181 923; x_wconf 79' lang='lat' dir='ltr'><strong>&#39;acal</strong></span> <span class='ocrx_word' id='word_1_53' title='bbox 1197 871 1254 932; x_wconf 73' lang='grc' dir='ltr'><strong>τοὺς</strong></span> <span class='ocrx_word' id='word_1_54' title='bbox 1270 871 1396 942; x_wconf 68' lang='grc' dir='ltr'><strong>νομικούςς</strong></span> <span class='ocrx_word' id='word_1_55' title='bbox 1415 872 1474 940; x_wconf 85' lang='lat' dir='ltr'><strong>quod</strong></span> 
     </span>
     <span class='ocr_line' id='line_1_7' title="bbox 320 955 1473 1027; baseline -0.003 -16"><span class='ocrx_word' id='word_1_56' title='bbox 320 962 431 1011; x_wconf 59' lang='lat' dir='ltr'><strong>racemus</strong></span> <span class='ocrx_word' id='word_1_57' title='bbox 446 963 586 1013; x_wconf 65' lang='lat' dir='ltr'><strong>carrarca</strong></span> <span class='ocrx_word' id='word_1_58' title='bbox 606 957 879 1012; x_wconf 72' lang='lat' dir='ltr'><strong>errctharr&#39;aoeonrm</strong></span> <span class='ocrx_word' id='word_1_59' title='bbox 895 975 969 1027; x_wconf 86' lang='lat' dir='ltr'><strong>qoam</strong></span> <span class='ocrx_word' id='word_1_60' title='bbox 987 960 1036 1010; x_wconf 85' lang='grc' dir='ltr'><strong>τῶν</strong></span> <span class='ocrx_word' id='word_1_61' title='bbox 1052 959 1168 1027; x_wconf 89' lang='grc' dir='ltr'><strong>νομικῶν.</strong></span> <span class='ocrx_word' id='word_1_62' title='bbox 1192 957 1257 1010; x_wconf 84' lang='lat' dir='ltr'><strong>iliae</strong></span> <span class='ocrx_word' id='word_1_63' title='bbox 1270 955 1413 1010; x_wconf 83' lang='lat' dir='ltr'><strong>Serrariam</strong></span> <span class='ocrx_word' id='word_1_64' title='bbox 1430 956 1473 1008; x_wconf 88' lang='lat' dir='ltr'><strong>ira·</strong></span> 
     </span>
    </p>

    <p class='ocr_par' dir='ltr' id='par_1_3' title="bbox 235 1042 1476 2142">
     <span class='ocr_line' id='line_1_8' title="bbox 235 1042 1474 1116; baseline 0.001 -22"><span class='ocrx_word' id='word_1_65' title='bbox 235 1063 255 1104; x_wconf 70' lang='lat' dir='ltr'><strong>a</strong></span> <span class='ocrx_word' id='word_1_66' title='bbox 264 1053 295 1094; x_wconf 78' lang='lat' dir='ltr'><strong>tt.</strong></span> <span class='ocrx_word' id='word_1_67' title='bbox 320 1044 428 1114; x_wconf 72' lang='lat' dir='ltr'><strong>peritiae</strong></span> <span class='ocrx_word' id='word_1_68' title='bbox 440 1045 540 1115; x_wconf 86' lang='lat' dir='ltr'><strong>arguit,</strong></span> <span class='ocrx_word' id='word_1_69' title='bbox 552 1044 620 1116; x_wconf 89' lang='lat' dir='ltr'><strong>quod</strong></span> <span class='ocrx_word' id='word_1_70' title='bbox 628 1045 667 1097; x_wconf 80' lang='lat' dir='ltr'><strong>ita</strong></span> <span class='ocrx_word' id='word_1_71' title='bbox 677 1044 765 1098; x_wconf 79' lang='lat' dir='ltr'><strong>vertit:</strong></span> <span class='ocrx_word' id='word_1_72' title='bbox 785 1043 845 1096; x_wconf 86' lang='lat' dir='ltr'><strong>Cam</strong></span> <span class='ocrx_word' id='word_1_73' title='bbox 857 1047 921 1113; x_wconf 79' lang='lat' dir='ltr'><strong>ipsis</strong></span> <span class='ocrx_word' id='word_1_74' title='bbox 933 1046 997 1094; x_wconf 84' lang='lat' dir='ltr'><strong>caim</strong></span> <span class='ocrx_word' id='word_1_75' title='bbox 1009 1045 1085 1095; x_wconf 80' lang='lat' dir='ltr'><strong>iidem</strong></span> <span class='ocrx_word' id='word_1_76' title='bbox 1097 1052 1173 1096; x_wconf 83' lang='lat' dir='ltr'><strong>erant</strong></span> <span class='ocrx_word' id='word_1_77' title='bbox 1183 1043 1326 1107; x_wconf 83' lang='lat' dir='ltr'><strong>etNomici,</strong></span> <span class='ocrx_word' id='word_1_78' title='bbox 1337 1061 1380 1095; x_wconf 83' lang='lat' dir='ltr'><strong>aaa</strong></span> <span class='ocrx_word' id='word_1_79' title='bbox 1391 1042 1474 1111; x_wconf 60' lang='lat' dir='ltr'><strong>Lepa-</strong></span> 
     </span>
     <span class='ocr_line' id='line_1_9' title="bbox 315 1126 1474 1201; baseline -0.004 -19"><span class='ocrx_word' id='word_1_80' title='bbox 315 1134 405 1200; x_wconf 76' lang='lat' dir='ltr'><strong>pen&#39;a&#39;.</strong></span> <span class='ocrx_word' id='word_1_81' title='bbox 437 1130 489 1184; x_wconf 84' lang='lat' dir='ltr'><strong>Sed</strong></span> <span class='ocrx_word' id='word_1_82' title='bbox 504 1127 643 1201; x_wconf 80' lang='lat' dir='ltr'><strong>Epiphauii</strong></span> <span class='ocrx_word' id='word_1_83' title='bbox 659 1145 767 1182; x_wconf 87' lang='lat' dir='ltr'><strong>seusam</strong></span> <span class='ocrx_word' id='word_1_84' title='bbox 781 1129 895 1200; x_wconf 87' lang='lat' dir='ltr'><strong>pessime</strong></span> <span class='ocrx_word' id='word_1_85' title='bbox 911 1129 1093 1198; x_wconf 88' lang='lat' dir='ltr'><strong>interpretatus</strong></span> <span class='ocrx_word' id='word_1_86' title='bbox 1114 1133 1155 1182; x_wconf 90' lang='lat' dir='ltr'><strong>est</strong></span> <span class='ocrx_word' id='word_1_87' title='bbox 1174 1128 1300 1198; x_wconf 73' lang='lat' dir='ltr'><strong>Scaliger.</strong></span> <span class='ocrx_word' id='word_1_88' title='bbox 1332 1127 1432 1182; x_wconf 78' lang='lat' dir='ltr'><strong>Etenim</strong></span> <span class='ocrx_word' id='word_1_89' title='bbox 1448 1126 1474 1178; x_wconf 83' lang='lat' dir='ltr'><strong>rb</strong></span> 
     </span>
     <span class='ocr_line' id='line_1_10' title="bbox 320 1207 1475 1285; baseline -0.002 -19"><span class='ocrx_word' id='word_1_90' title='bbox 320 1214 403 1276; x_wconf 76' lang='grc' dir='ltr'><strong>αὐτοῖς</strong></span> <span class='ocrx_word' id='word_1_91' title='bbox 418 1231 472 1270; x_wconf 93' lang='lat' dir='ltr'><strong>aon</strong></span> <span class='ocrx_word' id='word_1_92' title='bbox 487 1216 552 1268; x_wconf 89' lang='lat' dir='ltr'><strong>alios</strong></span> <span class='ocrx_word' id='word_1_93' title='bbox 563 1231 643 1285; x_wconf 89' lang='lat' dir='ltr'><strong>quam</strong></span> <span class='ocrx_word' id='word_1_94' title='bbox 659 1215 771 1280; x_wconf 86' lang='lat' dir='ltr'><strong>scribas,</strong></span> <span class='ocrx_word' id='word_1_95' title='bbox 787 1215 842 1268; x_wconf 90' lang='lat' dir='ltr'><strong>sive</strong></span> <span class='ocrx_word' id='word_1_96' title='bbox 854 1211 1092 1284; x_wconf 63' lang='lat' dir='ltr'><strong>supercreatum,</strong></span> <span class='ocrx_word' id='word_1_97' title='bbox 1110 1213 1253 1284; x_wconf 84' lang='lat' dir='ltr'><strong>signifieat,</strong></span> <span class='ocrx_word' id='word_1_98' title='bbox 1271 1207 1307 1274; x_wconf 71' lang='grc' dir='ltr'><strong>οἷς</strong></span> <span class='ocrx_word' id='word_1_99' title='bbox 1325 1217 1428 1280; x_wconf 78' lang='grc' dir='ltr'><strong>συνῆσαν</strong></span> <span class='ocrx_word' id='word_1_100' title='bbox 1438 1212 1475 1264; x_wconf 78' lang='lat' dir='ltr'><strong>rai</strong></span> 
     </span>
     <span class='ocr_line' id='line_1_11' title="bbox 320 1298 1475 1372; baseline -0.002 -20"><span class='ocrx_word' id='word_1_101' title='bbox 320 1298 343 1352; x_wconf 80' lang='lat' dir='ltr'><strong>oi</strong></span> <span class='ocrx_word' id='word_1_102' title='bbox 358 1300 462 1372; x_wconf 84' lang='grc' dir='ltr'><strong>νομικού.</strong></span> <span class='ocrx_word' id='word_1_103' title='bbox 486 1299 553 1365; x_wconf 81' lang='lat' dir='ltr'><strong>Quia</strong></span> <span class='ocrx_word' id='word_1_104' title='bbox 567 1301 673 1371; x_wconf 88' lang='lat' dir='ltr'><strong>saepias</strong></span> <span class='ocrx_word' id='word_1_105' title='bbox 684 1299 860 1370; x_wconf 84' lang='lat' dir='ltr'><strong>evangelistae</strong></span> <span class='ocrx_word' id='word_1_106' title='bbox 872 1299 977 1352; x_wconf 76' lang='lat' dir='ltr'><strong>Scribas</strong></span> <span class='ocrx_word' id='word_1_107' title='bbox 993 1305 1019 1352; x_wconf 90' lang='lat' dir='ltr'><strong>et</strong></span> <span class='ocrx_word' id='word_1_108' title='bbox 1031 1298 1152 1369; x_wconf 78' lang='grc' dir='ltr'><strong>Νομικούς</strong></span> <span class='ocrx_word' id='word_1_109' title='bbox 1165 1299 1240 1368; x_wconf 86' lang='lat' dir='ltr'><strong>quasi</strong></span> <span class='ocrx_word' id='word_1_110' title='bbox 1252 1299 1387 1352; x_wconf 65' lang='lat' dir='ltr'><strong>detineas</strong></span> <span class='ocrx_word' id='word_1_111' title='bbox 1398 1299 1475 1351; x_wconf 91' lang='lat' dir='ltr'><strong>uomi-</strong></span> 
     </span>
     <span class='ocr_line' id='line_1_12' title="bbox 319 1381 1474 1454; baseline -0.005 -14"><span class='ocrx_word' id='word_1_112' title='bbox 319 1393 394 1451; x_wconf 85' lang='lat' dir='ltr'><strong>naat‚</strong></span> <span class='ocrx_word' id='word_1_113' title='bbox 410 1387 515 1440; x_wconf 61' lang='lat' dir='ltr'><strong>tarnem</strong></span> <span class='ocrx_word' id='word_1_114' title='bbox 526 1404 560 1440; x_wconf 86' lang='lat' dir='ltr'><strong>ex</strong></span> <span class='ocrx_word' id='word_1_115' title='bbox 573 1387 664 1440; x_wconf 90' lang='lat' dir='ltr'><strong>eodem</strong></span> <span class='ocrx_word' id='word_1_116' title='bbox 684 1391 772 1439; x_wconf 87' lang='lat' dir='ltr'><strong>esseut</strong></span> <span class='ocrx_word' id='word_1_117' title='bbox 788 1385 891 1450; x_wconf 89' lang='lat' dir='ltr'><strong>ordine,</strong></span> <span class='ocrx_word' id='word_1_118' title='bbox 906 1384 984 1454; x_wconf 89' lang='lat' dir='ltr'><strong>idque</strong></span> <span class='ocrx_word' id='word_1_119' title='bbox 995 1386 1036 1437; x_wconf 91' lang='lat' dir='ltr'><strong>vel</strong></span> <span class='ocrx_word' id='word_1_120' title='bbox 1049 1382 1102 1436; x_wconf 83' lang='grc' dir='ltr'><strong>κατ’</strong></span> <span class='ocrx_word' id='word_1_121' title='bbox 1115 1381 1270 1454; x_wconf 60' lang='lat' dir='ltr'><strong>tartaraco,</strong></span> <span class='ocrx_word' id='word_1_122' title='bbox 1287 1385 1329 1438; x_wconf 85' lang='lat' dir='ltr'><strong>vel</strong></span> <span class='ocrx_word' id='word_1_123' title='bbox 1341 1385 1402 1454; x_wconf 89' lang='lat' dir='ltr'><strong>qaia</strong></span> <span class='ocrx_word' id='word_1_124' title='bbox 1412 1383 1474 1436; x_wconf 86' lang='lat' dir='ltr'><strong>Seri-</strong></span> 
     </span>
     <span class='ocr_line' id='line_1_13' title="bbox 319 1469 1475 1542; baseline -0.004 -18"><span class='ocrx_word' id='word_1_125' title='bbox 319 1473 412 1526; x_wconf 89' lang='lat' dir='ltr'><strong>barum</strong></span> <span class='ocrx_word' id='word_1_126' title='bbox 424 1473 568 1542; x_wconf 86' lang='lat' dir='ltr'><strong>complures</strong></span> <span class='ocrx_word' id='word_1_127' title='bbox 581 1478 655 1525; x_wconf 87' lang='lat' dir='ltr'><strong>eraut</strong></span> <span class='ocrx_word' id='word_1_128' title='bbox 666 1471 762 1542; x_wconf 77' lang='lat' dir='ltr'><strong>gradm</strong></span> <span class='ocrx_word' id='word_1_129' title='bbox 774 1477 800 1524; x_wconf 92' lang='lat' dir='ltr'><strong>et</strong></span> <span class='ocrx_word' id='word_1_130' title='bbox 812 1470 911 1534; x_wconf 86' lang='lat' dir='ltr'><strong>officia,</strong></span> <span class='ocrx_word' id='word_1_131' title='bbox 928 1485 988 1523; x_wconf 89' lang='lat' dir='ltr'><strong>cum</strong></span> <span class='ocrx_word' id='word_1_132' title='bbox 1004 1476 1030 1523; x_wconf 93' lang='lat' dir='ltr'><strong>et</strong></span> <span class='ocrx_word' id='word_1_133' title='bbox 1046 1469 1165 1522; x_wconf 89' lang='lat' dir='ltr'><strong>civilibus</strong></span> <span class='ocrx_word' id='word_1_134' title='bbox 1176 1469 1243 1522; x_wconf 81' lang='lat' dir='ltr'><strong>torte</strong></span> <span class='ocrx_word' id='word_1_135' title='bbox 1259 1471 1432 1522; x_wconf 76' lang='lat' dir='ltr'><strong>conuertitur</strong></span> <span class='ocrx_word' id='word_1_136' title='bbox 1448 1483 1475 1519; x_wconf 86' lang='lat' dir='ltr'><strong>ac</strong></span> 
     </span>
     <span class='ocr_line' id='line_1_14' title="bbox 318 1553 1475 1629; baseline -0.003 -19"><span class='ocrx_word' id='word_1_137' title='bbox 318 1558 530 1629; x_wconf 74' lang='lat' dir='ltr'><strong>stipulationibus</strong></span> <span class='ocrx_word' id='word_1_138' title='bbox 541 1563 692 1628; x_wconf 87' lang='lat' dir='ltr'><strong>praeessent</strong></span> <span class='ocrx_word' id='word_1_139' title='bbox 701 1557 793 1622; x_wconf 90' lang='lat' dir='ltr'><strong>iidem,</strong></span> <span class='ocrx_word' id='word_1_140' title='bbox 810 1561 837 1608; x_wconf 90' lang='lat' dir='ltr'><strong>et</strong></span> <span class='ocrx_word' id='word_1_141' title='bbox 847 1555 934 1625; x_wconf 89' lang='lat' dir='ltr'><strong>legem</strong></span> <span class='ocrx_word' id='word_1_142' title='bbox 950 1556 1192 1625; x_wconf 72' lang='lat' dir='ltr'><strong>interpretarentur:</strong></span> <span class='ocrx_word' id='word_1_143' title='bbox 1204 1553 1302 1608; x_wconf 88' lang='lat' dir='ltr'><strong>idcireo</strong></span> <span class='ocrx_word' id='word_1_144' title='bbox 1314 1560 1430 1621; x_wconf 71' lang='grc' dir='ltr'><strong>συνῆσαν,</strong></span> <span class='ocrx_word' id='word_1_145' title='bbox 1441 1554 1475 1606; x_wconf 91' lang='lat' dir='ltr'><strong>ia-</strong></span> 
     </span>
     <span class='ocr_line' id='line_1_15' title="bbox 319 1637 1475 1714; baseline -0.004 -18"><span class='ocrx_word' id='word_1_146' title='bbox 319 1644 387 1712; x_wconf 90' lang='lat' dir='ltr'><strong>quit,</strong></span> <span class='ocrx_word' id='word_1_147' title='bbox 403 1647 454 1704; x_wconf 79' lang='grc' dir='ltr'><strong>τοῖς</strong></span> <span class='ocrx_word' id='word_1_148' title='bbox 466 1647 648 1714; x_wconf 79' lang='grc' dir='ltr'><strong>γραμματεῦσιν</strong></span> <span class='ocrx_word' id='word_1_149' title='bbox 660 1641 683 1694; x_wconf 91' lang='lat' dir='ltr'><strong>ol</strong></span> <span class='ocrx_word' id='word_1_150' title='bbox 692 1641 798 1713; x_wconf 72' lang='grc' dir='ltr'><strong>νομικοὶ,</strong></span> <span class='ocrx_word' id='word_1_151' title='bbox 815 1639 864 1696; x_wconf 90' lang='lat' dir='ltr'><strong>hoc</strong></span> <span class='ocrx_word' id='word_1_152' title='bbox 876 1646 917 1694; x_wconf 89' lang='lat' dir='ltr'><strong>est</strong></span> <span class='ocrx_word' id='word_1_153' title='bbox 928 1645 1055 1694; x_wconf 78' lang='lat' dir='ltr'><strong>coniuncti</strong></span> <span class='ocrx_word' id='word_1_154' title='bbox 1066 1652 1152 1704; x_wconf 66' lang='lat' dir='ltr'><strong>aaut,</strong></span> <span class='ocrx_word' id='word_1_155' title='bbox 1164 1657 1246 1694; x_wconf 88' lang='lat' dir='ltr'><strong>uuum</strong></span> <span class='ocrx_word' id='word_1_156' title='bbox 1258 1637 1342 1710; x_wconf 72' lang='grc' dir='ltr'><strong>τάγμα</strong></span> <span class='ocrx_word' id='word_1_157' title='bbox 1353 1647 1381 1694; x_wconf 89' lang='lat' dir='ltr'><strong>et</strong></span> <span class='ocrx_word' id='word_1_158' title='bbox 1391 1655 1475 1709; x_wconf 84' lang='lat' dir='ltr'><strong>corpur</strong></span> 
     </span>
     <span class='ocr_line' id='line_1_16' title="bbox 318 1723 1475 1798; baseline -0.004 -16"><span class='ocrx_word' id='word_1_159' title='bbox 318 1728 474 1784; x_wconf 78' lang='lat' dir='ltr'><strong>efficiebant.</strong></span> <span class='ocrx_word' id='word_1_160' title='bbox 497 1729 582 1798; x_wconf 82' lang='lat' dir='ltr'><strong>Aqua</strong></span> <span class='ocrx_word' id='word_1_161' title='bbox 594 1745 649 1782; x_wconf 90' lang='lat' dir='ltr'><strong>nou</strong></span> <span class='ocrx_word' id='word_1_162' title='bbox 660 1727 800 1784; x_wconf 89' lang='lat' dir='ltr'><strong>admodum</strong></span> <span class='ocrx_word' id='word_1_163' title='bbox 808 1725 930 1781; x_wconf 88' lang='lat' dir='ltr'><strong>abhorret</strong></span> <span class='ocrx_word' id='word_1_164' title='bbox 938 1725 1077 1780; x_wconf 81' lang='lat' dir='ltr'><strong>Sertorius.</strong></span> <span class='ocrx_word' id='word_1_165' title='bbox 1100 1725 1167 1780; x_wconf 87' lang='lat' dir='ltr'><strong>Nam</strong></span> <span class='ocrx_word' id='word_1_166' title='bbox 1176 1723 1475 1796; x_wconf 71' lang='grc' dir='ltr'><strong>μεταληπτικῶςΕρίμύι-</strong></span> 
     </span>
     <span class='ocr_line' id='line_1_17' title="bbox 318 1810 1475 1882; baseline -0.004 -16"><span class='ocrx_word' id='word_1_167' title='bbox 318 1815 377 1866; x_wconf 88' lang='lat' dir='ltr'><strong>nias</strong></span> <span class='ocrx_word' id='word_1_168' title='bbox 393 1815 490 1868; x_wconf 88' lang='lat' dir='ltr'><strong>indicat</strong></span> <span class='ocrx_word' id='word_1_169' title='bbox 505 1813 610 1868; x_wconf 87' lang='lat' dir='ltr'><strong>eosdem</strong></span> <span class='ocrx_word' id='word_1_170' title='bbox 628 1829 687 1867; x_wconf 90' lang='lat' dir='ltr'><strong>cum</strong></span> <span class='ocrx_word' id='word_1_171' title='bbox 704 1812 801 1866; x_wconf 79' lang='lat' dir='ltr'><strong>Scribis</strong></span> <span class='ocrx_word' id='word_1_172' title='bbox 818 1829 876 1866; x_wconf 81' lang='lat' dir='ltr'><strong>esse</strong></span> <span class='ocrx_word' id='word_1_173' title='bbox 896 1811 954 1872; x_wconf 71' lang='grc' dir='ltr'><strong>τοὺς</strong></span> <span class='ocrx_word' id='word_1_174' title='bbox 971 1811 1097 1882; x_wconf 72' lang='grc' dir='ltr'><strong>νομικοὺς,</strong></span> <span class='ocrx_word' id='word_1_175' title='bbox 1118 1812 1180 1864; x_wconf 88' lang='lat' dir='ltr'><strong>licet</strong></span> <span class='ocrx_word' id='word_1_176' title='bbox 1194 1811 1298 1863; x_wconf 72' lang='grc' dir='ltr'><strong>σννέῑνού</strong></span> <span class='ocrx_word' id='word_1_177' title='bbox 1313 1827 1359 1862; x_wconf 87' lang='grc' dir='ltr'><strong>τινι</strong></span> <span class='ocrx_word' id='word_1_178' title='bbox 1381 1810 1475 1881; x_wconf 87' lang='lat' dir='ltr'><strong>proprie</strong></span> 
     </span>
     <span class='ocr_line' id='line_1_18' title="bbox 318 1895 1475 1969; baseline -0.004 -16"><span class='ocrx_word' id='word_1_179' title='bbox 318 1915 371 1952; x_wconf 90' lang='lat' dir='ltr'><strong>uon</strong></span> <span class='ocrx_word' id='word_1_180' title='bbox 384 1901 419 1953; x_wconf 92' lang='lat' dir='ltr'><strong>sit</strong></span> <span class='ocrx_word' id='word_1_181' title='bbox 428 1899 498 1953; x_wconf 89' lang='lat' dir='ltr'><strong>idem</strong></span> <span class='ocrx_word' id='word_1_182' title='bbox 510 1915 568 1953; x_wconf 88' lang='lat' dir='ltr'><strong>esse</strong></span> <span class='ocrx_word' id='word_1_183' title='bbox 583 1915 643 1953; x_wconf 90' lang='lat' dir='ltr'><strong>cam</strong></span> <span class='ocrx_word' id='word_1_184' title='bbox 658 1900 754 1969; x_wconf 89' lang='lat' dir='ltr'><strong>aliquo.</strong></span> <span class='ocrx_word' id='word_1_185' title='bbox 777 1897 911 1952; x_wconf 89' lang='lat' dir='ltr'><strong>Postremo</strong></span> <span class='ocrx_word' id='word_1_186' title='bbox 927 1913 1063 1968; x_wconf 79' lang='lat' dir='ltr'><strong>perperam</strong></span> <span class='ocrx_word' id='word_1_187' title='bbox 1080 1895 1163 1958; x_wconf 74' lang='grc' dir='ltr'><strong>αὐτοῖς</strong></span> <span class='ocrx_word' id='word_1_188' title='bbox 1179 1896 1212 1951; x_wconf 86' lang='lat' dir='ltr'><strong>ad</strong></span> <span class='ocrx_word' id='word_1_189' title='bbox 1223 1895 1378 1950; x_wconf 85' lang='lat' dir='ltr'><strong>Pharisaeos</strong></span> <span class='ocrx_word' id='word_1_190' title='bbox 1394 1895 1475 1948; x_wconf 81' lang='lat' dir='ltr'><strong>reterri</strong></span> 
     </span>
     <span class='ocr_line' id='line_1_19' title="bbox 319 1981 1476 2056; baseline -0.005 -18"><span class='ocrx_word' id='word_1_191' title='bbox 319 1985 412 2039; x_wconf 90' lang='lat' dir='ltr'><strong>doceat</strong></span> <span class='ocrx_word' id='word_1_192' title='bbox 425 2002 492 2056; x_wconf 90' lang='lat' dir='ltr'><strong>quae</strong></span> <span class='ocrx_word' id='word_1_193' title='bbox 503 1987 621 2056; x_wconf 82' lang='lat' dir='ltr'><strong>proxime</strong></span> <span class='ocrx_word' id='word_1_194' title='bbox 632 1985 813 2042; x_wconf 88' lang='lat' dir='ltr'><strong>subiiciautur.</strong></span> <span class='ocrx_word' id='word_1_195' title='bbox 845 1981 924 2036; x_wconf 83' lang='grc' dir='ltr'>Ἀλλὰ</span> <span class='ocrx_word' id='word_1_196' title='bbox 936 1983 976 2035; x_wconf 82' lang='lat' dir='ltr'><strong>rol</strong></span> <span class='ocrx_word' id='word_1_197' title='bbox 989 1981 1055 2054; x_wconf 75' lang='lat' dir='ltr'><strong>napi</strong></span> <span class='ocrx_word' id='word_1_198' title='bbox 1066 1983 1177 2052; x_wconf 81' lang='grc' dir='ltr'><strong>τούτους,</strong></span> <span class='ocrx_word' id='word_1_199' title='bbox 1185 1989 1240 2036; x_wconf 82' lang='lat' dir='ltr'><strong>tam</strong></span> <span class='ocrx_word' id='word_1_200' title='bbox 1249 1981 1373 2052; x_wconf 85' lang='grc' dir='ltr'><strong>Νομικοίις</strong></span> <span class='ocrx_word' id='word_1_201' title='bbox 1385 1981 1476 2034; x_wconf 86' lang='lat' dir='ltr'><strong>scilicet</strong></span> 
     </span>
     <span class='ocr_line' id='line_1_20' title="bbox 319 2071 578 2142; baseline -0.008 -18"><span class='ocrx_word' id='word_1_202' title='bbox 319 2087 397 2142; x_wconf 85' lang='lat' dir='ltr'><strong>qaam</strong></span> <span class='ocrx_word' id='word_1_203' title='bbox 409 2071 578 2142; x_wconf 78' lang='grc' dir='ltr'><strong>Γραμματέας.</strong></span> 
     </span>
    </p>

    <p class='ocr_par' dir='ltr' id='par_1_4' title="bbox 317 2151 1475 2567">
     <span class='ocr_line' id='line_1_21' title="bbox 385 2151 1475 2228; baseline -0.003 -20"><span class='ocrx_word' id='word_1_204' title='bbox 385 2154 459 2223; x_wconf 64' lang='lat' dir='ltr'><strong>’haba</strong></span> <span class='ocrx_word' id='word_1_205' title='bbox 471 2173 496 2208; x_wconf 80' lang='lat' dir='ltr'><strong>rr</strong></span> <span class='ocrx_word' id='word_1_206' title='bbox 508 2155 574 2227; x_wconf 79' lang='grc' dir='ltr'><strong>ῥύσιν</strong></span> <span class='ocrx_word' id='word_1_207' title='bbox 587 2155 702 2228; x_wconf 79' lang='grc' dir='ltr'><strong>σώματος</strong></span> <span class='ocrx_word' id='word_1_208' title='bbox 714 2153 932 2226; x_wconf 76' lang='grc' dir='ltr'><strong>ἀπεργαζομένην]</strong></span> <span class='ocrx_word' id='word_1_209' title='bbox 951 2154 1122 2208; x_wconf 85' lang='lat' dir='ltr'><strong>Scribendum</strong></span> <span class='ocrx_word' id='word_1_210' title='bbox 1130 2154 1286 2224; x_wconf 79' lang='lat' dir='ltr'><strong>pronunciat</strong></span> <span class='ocrx_word' id='word_1_211' title='bbox 1294 2153 1413 2223; x_wconf 81' lang='lat' dir='ltr'><strong>Scaliger</strong></span> <span class='ocrx_word' id='word_1_212' title='bbox 1420 2151 1475 2218; x_wconf 73' lang='lat' dir='ltr'><strong>itia</strong></span> 
     </span>
     <span class='ocr_line' id='line_1_22' title="bbox 317 2239 1475 2314; baseline -0.001 -21"><span class='ocrx_word' id='word_1_213' title='bbox 317 2239 421 2312; x_wconf 77' lang='grc' dir='ltr'><strong>ἔκκρισιν</strong></span> <span class='ocrx_word' id='word_1_214' title='bbox 434 2242 572 2312; x_wconf 75' lang='grc' dir='ltr'><strong>σπέρματος</strong></span> <span class='ocrx_word' id='word_1_215' title='bbox 585 2241 797 2314; x_wconf 75' lang='grc' dir='ltr'><strong>ἀπεργαζομένων,</strong></span> <span class='ocrx_word' id='word_1_216' title='bbox 820 2241 915 2294; x_wconf 77' lang='lat' dir='ltr'><strong>Audax</strong></span> <span class='ocrx_word' id='word_1_217' title='bbox 927 2241 1005 2294; x_wconf 88' lang='lat' dir='ltr'><strong>nimis</strong></span> <span class='ocrx_word' id='word_1_218' title='bbox 1018 2239 1175 2304; x_wconf 86' lang='lat' dir='ltr'><strong>emendatio,</strong></span> <span class='ocrx_word' id='word_1_219' title='bbox 1191 2239 1353 2310; x_wconf 85' lang='lat' dir='ltr'><strong>minimeque</strong></span> <span class='ocrx_word' id='word_1_220' title='bbox 1364 2255 1475 2292; x_wconf 70' lang='lat' dir='ltr'><strong>neema·</strong></span> 
     </span>
     <span class='ocr_line' id='line_1_23' title="bbox 317 2323 1475 2398; baseline -0.002 -18"><span class='ocrx_word' id='word_1_221' title='bbox 317 2328 365 2383; x_wconf 91' lang='lat' dir='ltr'><strong>ria.</strong></span> <span class='ocrx_word' id='word_1_222' title='bbox 389 2327 456 2381; x_wconf 87' lang='lat' dir='ltr'><strong>Nam</strong></span> <span class='ocrx_word' id='word_1_223' title='bbox 473 2327 671 2397; x_wconf 64' lang='grc' dir='ltr'><strong>ἀπεργαζομένην</strong></span> <span class='ocrx_word' id='word_1_224' title='bbox 688 2328 804 2398; x_wconf 87' lang='lat' dir='ltr'><strong>passive,</strong></span> <span class='ocrx_word' id='word_1_225' title='bbox 824 2331 855 2379; x_wconf 90' lang='lat' dir='ltr'><strong>at</strong></span> <span class='ocrx_word' id='word_1_226' title='bbox 871 2325 933 2378; x_wconf 89' lang='lat' dir='ltr'><strong>alibi</strong></span> <span class='ocrx_word' id='word_1_227' title='bbox 950 2341 1039 2396; x_wconf 83' lang='lat' dir='ltr'><strong>saepe,</strong></span> <span class='ocrx_word' id='word_1_228' title='bbox 1056 2323 1179 2379; x_wconf 88' lang='lat' dir='ltr'><strong>hocloco</strong></span> <span class='ocrx_word' id='word_1_229' title='bbox 1196 2325 1315 2396; x_wconf 86' lang='lat' dir='ltr'><strong>sumpsit</strong></span> <span class='ocrx_word' id='word_1_230' title='bbox 1349 2324 1398 2378; x_wconf 82' lang='lat' dir='ltr'><strong>ilat</strong></span> <span class='ocrx_word' id='word_1_231' title='bbox 1412 2325 1475 2378; x_wconf 82' lang='lat' dir='ltr'><strong>emm</strong></span> 
     </span>
     <span class='ocr_line' id='line_1_24' title="bbox 319 2409 1475 2483; baseline -0.003 -17"><span class='ocrx_word' id='word_1_232' title='bbox 319 2413 433 2467; x_wconf 83' lang='lat' dir='ltr'><strong>Graecae</strong></span> <span class='ocrx_word' id='word_1_233' title='bbox 448 2413 612 2483; x_wconf 82' lang='lat' dir='ltr'><strong>proprietatis</strong></span> <span class='ocrx_word' id='word_1_234' title='bbox 627 2429 721 2482; x_wconf 88' lang='lat' dir='ltr'><strong>parum</strong></span> <span class='ocrx_word' id='word_1_235' title='bbox 732 2412 830 2481; x_wconf 83' lang='lat' dir='ltr'><strong>alioqui</strong></span> <span class='ocrx_word' id='word_1_236' title='bbox 845 2411 956 2480; x_wconf 88' lang='lat' dir='ltr'><strong>diligens</strong></span> <span class='ocrx_word' id='word_1_237' title='bbox 967 2411 1140 2482; x_wconf 72' lang='lat' dir='ltr'><strong>Epiphanius,</strong></span> <span class='ocrx_word' id='word_1_238' title='bbox 1152 2416 1183 2463; x_wconf 91' lang='lat' dir='ltr'><strong>ut</strong></span> <span class='ocrx_word' id='word_1_239' title='bbox 1196 2417 1223 2462; x_wconf 89' lang='lat' dir='ltr'><strong>et</strong></span> <span class='ocrx_word' id='word_1_240' title='bbox 1233 2409 1340 2464; x_wconf 89' lang='lat' dir='ltr'><strong>Photias</strong></span> <span class='ocrx_word' id='word_1_241' title='bbox 1355 2410 1475 2464; x_wconf 80' lang='lat' dir='ltr'><strong>obsemt</strong></span> 
     </span>
     <span class='ocr_line' id='line_1_25' title="bbox 318 2493 1475 2567; baseline -0.005 -15"><span class='ocrx_word' id='word_1_242' title='bbox 318 2498 392 2563; x_wconf 83' lang='lat' dir='ltr'><strong>Quod</strong></span> <span class='ocrx_word' id='word_1_243' title='bbox 407 2499 431 2552; x_wconf 93' lang='lat' dir='ltr'><strong>si</strong></span> <span class='ocrx_word' id='word_1_244' title='bbox 447 2498 658 2551; x_wconf 89' lang='lat' dir='ltr'><strong>commutationis</strong></span> <span class='ocrx_word' id='word_1_245' title='bbox 669 2495 788 2550; x_wconf 86' lang='lat' dir='ltr'><strong>nonnihil</strong></span> <span class='ocrx_word' id='word_1_246' title='bbox 804 2513 869 2567; x_wconf 88' lang='lat' dir='ltr'><strong>opus</strong></span> <span class='ocrx_word' id='word_1_247' title='bbox 885 2497 1014 2562; x_wconf 88' lang='lat' dir='ltr'><strong>videatur,</strong></span> <span class='ocrx_word' id='word_1_248' title='bbox 1035 2511 1086 2564; x_wconf 89' lang='lat' dir='ltr'><strong>ego</strong></span> <span class='ocrx_word' id='word_1_249' title='bbox 1103 2497 1140 2550; x_wconf 89' lang='lat' dir='ltr'><strong>ita</strong></span> <span class='ocrx_word' id='word_1_250' title='bbox 1156 2497 1312 2566; x_wconf 86' lang='lat' dir='ltr'><strong>concipiam:</strong></span> <span class='ocrx_word' id='word_1_251' title='bbox 1336 2493 1400 2562; x_wconf 70' lang='grc' dir='ltr'><strong>ἀηδῆ</strong></span> <span class='ocrx_word' id='word_1_252' title='bbox 1415 2494 1475 2565; x_wconf 71' lang='lat' dir='ltr'><strong>pica</strong></span> 
     </span>
    </p>

    <p class='ocr_par' dir='ltr' id='par_1_5' title="bbox 214 2579 1476 2823">
     <span class='ocr_line' id='line_1_26' title="bbox 214 2579 1476 2674; baseline -0.002 -39"><span class='ocrx_word' id='word_1_253' title='bbox 214 2636 217 2644; x_wconf 76' lang='grc'><strong>,</strong></span> <span class='ocrx_word' id='word_1_254' title='bbox 318 2585 433 2655; x_wconf 77' lang='grc' dir='ltr'><strong>σώματος</strong></span> <span class='ocrx_word' id='word_1_255' title='bbox 453 2581 666 2654; x_wconf 74' lang='grc' dir='ltr'><strong>ἀπεργαζομένων.</strong></span> <span class='ocrx_word' id='word_1_256' title='bbox 689 2583 814 2652; x_wconf 79' lang='lat' dir='ltr'><strong>iutelligit</strong></span> <span class='ocrx_word' id='word_1_257' title='bbox 832 2587 921 2635; x_wconf 79' lang='lat' dir='ltr'><strong>autam</strong></span> <span class='ocrx_word' id='word_1_258' title='bbox 941 2587 1016 2674; x_wconf 65' lang='grc' dir='ltr'><strong>ἹἿΡ,</strong></span> <span class='ocrx_word' id='word_1_259' title='bbox 1035 2583 1091 2634; x_wconf 87' lang='lat' dir='ltr'><strong>sive</strong></span> <span class='ocrx_word' id='word_1_260' title='bbox 1110 2579 1294 2651; x_wconf 76' lang='grc' dir='ltr'><strong>ἐξονειριογμύν.</strong></span> <span class='ocrx_word' id='word_1_261' title='bbox 1329 2581 1414 2651; x_wconf 78' lang='lat' dir='ltr'><strong>Super</strong></span> <span class='ocrx_word' id='word_1_262' title='bbox 1432 2579 1476 2633; x_wconf 81' lang='lat' dir='ltr'><strong>hau</strong></span> 
     </span>
     <span class='ocr_line' id='line_1_27' title="bbox 317 2666 1476 2740; baseline -0.002 -18"><span class='ocrx_word' id='word_1_263' title='bbox 317 2667 420 2740; x_wconf 74' lang='lat' dir='ltr'><strong>turpiam</strong></span> <span class='ocrx_word' id='word_1_264' title='bbox 432 2673 505 2724; x_wconf 84' lang='lat' dir='ltr'><strong>extat</strong></span> <span class='ocrx_word' id='word_1_265' title='bbox 516 2667 650 2722; x_wconf 69' lang='lat' dir='ltr'><strong>tamaii</strong></span> <span class='ocrx_word' id='word_1_266' title='bbox 661 2667 771 2738; x_wconf 87' lang='lat' dir='ltr'><strong>epistola</strong></span> <span class='ocrx_word' id='word_1_267' title='bbox 781 2667 814 2720; x_wconf 86' lang='lat' dir='ltr'><strong>ad</strong></span> <span class='ocrx_word' id='word_1_268' title='bbox 823 2668 947 2720; x_wconf 76' lang='lat' dir='ltr'><strong>Amanum</strong></span> <span class='ocrx_word' id='word_1_269' title='bbox 957 2666 1127 2721; x_wconf 86' lang='lat' dir='ltr'><strong>monacham:</strong></span> <span class='ocrx_word' id='word_1_270' title='bbox 1140 2666 1186 2736; x_wconf 90' lang='lat' dir='ltr'><strong>qui</strong></span> <span class='ocrx_word' id='word_1_271' title='bbox 1197 2667 1367 2736; x_wconf 86' lang='lat' dir='ltr'><strong>quantumvis</strong></span> <span class='ocrx_word' id='word_1_272' title='bbox 1379 2671 1476 2737; x_wconf 85' lang='lat' dir='ltr'><strong>praeter</strong></span> 
     </span>
     <span class='ocr_line' id='line_1_28' title="bbox 316 2753 1142 2823; baseline -0.005 -14"><span class='ocrx_word' id='word_1_273' title='bbox 316 2756 476 2811; x_wconf 88' lang='lat' dir='ltr'><strong>voluntatem</strong></span> <span class='ocrx_word' id='word_1_274' title='bbox 488 2754 628 2820; x_wconf 86' lang='lat' dir='ltr'><strong>accideret,</strong></span> <span class='ocrx_word' id='word_1_275' title='bbox 641 2758 729 2808; x_wconf 86' lang='lat' dir='ltr'><strong>utram</strong></span> <span class='ocrx_word' id='word_1_276' title='bbox 740 2753 816 2823; x_wconf 89' lang='lat' dir='ltr'><strong>calpa</strong></span> <span class='ocrx_word' id='word_1_277' title='bbox 828 2757 927 2806; x_wconf 87' lang='lat' dir='ltr'><strong>careret</strong></span> <span class='ocrx_word' id='word_1_278' title='bbox 937 2753 1142 2806; x_wconf 84' lang='lat' dir='ltr'><strong>addubitaverat</strong></span> 
     </span>
    </p>

    <p class='ocr_par' dir='ltr' id='par_1_6' title="bbox 316 2836 1477 3067">
     <span class='ocr_line' id='line_1_29' title="bbox 384 2836 1477 2910; baseline -0.003 -18"><span class='ocrx_word' id='word_1_279' title='bbox 384 2839 528 2907; x_wconf 78' lang='lat' dir='ltr'><strong>&#39;Evrlcrrcov</strong></span> <span class='ocrx_word' id='word_1_280' title='bbox 540 2839 567 2892; x_wconf 80' lang='lat' dir='ltr'><strong>bl</strong></span> <span class='ocrx_word' id='word_1_281' title='bbox 578 2839 634 2908; x_wconf 64' lang='lat' dir='ltr'><strong>aa]</strong></span> <span class='ocrx_word' id='word_1_282' title='bbox 662 2839 809 2893; x_wconf 81' lang='lat' dir='ltr'><strong>Secundam</strong></span> <span class='ocrx_word' id='word_1_283' title='bbox 820 2845 847 2892; x_wconf 91' lang='lat' dir='ltr'><strong>et</strong></span> <span class='ocrx_word' id='word_1_284' title='bbox 858 2838 976 2910; x_wconf 86' lang='lat' dir='ltr'><strong>quintam</strong></span> <span class='ocrx_word' id='word_1_285' title='bbox 986 2837 1079 2892; x_wconf 80' lang='lat' dir='ltr'><strong>feriam</strong></span> <span class='ocrx_word' id='word_1_286' title='bbox 1091 2836 1298 2909; x_wconf 79' lang='lat' dir='ltr'><strong>Theophylactas</strong></span> <span class='ocrx_word' id='word_1_287' title='bbox 1310 2855 1394 2910; x_wconf 88' lang='lat' dir='ltr'><strong>aeque</strong></span> <span class='ocrx_word' id='word_1_288' title='bbox 1404 2843 1477 2908; x_wconf 86' lang='lat' dir='ltr'><strong>atque</strong></span> 
     </span>
     <span class='ocr_line' id='line_1_30' title="bbox 316 2923 1476 2998; baseline -0.004 -18"><span class='ocrx_word' id='word_1_289' title='bbox 316 2925 476 2998; x_wconf 75' lang='lat' dir='ltr'><strong>Epiphaniae</strong></span> <span class='ocrx_word' id='word_1_290' title='bbox 492 2925 612 2991; x_wconf 86' lang='lat' dir='ltr'><strong>adnotat,</strong></span> <span class='ocrx_word' id='word_1_291' title='bbox 632 2931 659 2980; x_wconf 89' lang='lat' dir='ltr'><strong>et</strong></span> <span class='ocrx_word' id='word_1_292' title='bbox 669 2925 846 2980; x_wconf 81' lang='lat' dir='ltr'><strong>Hebraeorum</strong></span> <span class='ocrx_word' id='word_1_293' title='bbox 856 2924 916 2978; x_wconf 88' lang='lat' dir='ltr'><strong>libri</strong></span> <span class='ocrx_word' id='word_1_294' title='bbox 926 2923 1005 2978; x_wconf 88' lang='lat' dir='ltr'><strong>fidem</strong></span> <span class='ocrx_word' id='word_1_295' title='bbox 1016 2924 1122 2978; x_wconf 72' lang='lat' dir='ltr'><strong>haunt</strong></span> <span class='ocrx_word' id='word_1_296' title='bbox 1146 2923 1181 2977; x_wconf 92' lang='lat' dir='ltr'><strong>Ut</strong></span> <span class='ocrx_word' id='word_1_297' title='bbox 1196 2940 1228 2977; x_wconf 88' lang='lat' dir='ltr'><strong>ea</strong></span> <span class='ocrx_word' id='word_1_298' title='bbox 1239 2925 1271 2978; x_wconf 90' lang='lat' dir='ltr'><strong>de</strong></span> <span class='ocrx_word' id='word_1_299' title='bbox 1286 2941 1314 2978; x_wconf 92' lang='lat' dir='ltr'><strong>re</strong></span> <span class='ocrx_word' id='word_1_300' title='bbox 1328 2925 1370 2979; x_wconf 86' lang='lat' dir='ltr'><strong>vir</strong></span> <span class='ocrx_word' id='word_1_301' title='bbox 1389 2925 1476 2978; x_wconf 86' lang='lat' dir='ltr'><strong>doetm</strong></span> 
     </span>
     <span class='ocr_line' id='line_1_31' title="bbox 316 3012 585 3067; baseline 0.004 -1"><span class='ocrx_word' id='word_1_302' title='bbox 316 3013 413 3066; x_wconf 68' lang='lat' dir='ltr'><strong>haara</strong></span> <span class='ocrx_word' id='word_1_303' title='bbox 422 3012 585 3067; x_wconf 87' lang='lat' dir='ltr'><strong>dubitaverit.</strong></span> 
     </span>
    </p>

    <p class='ocr_par' dir='ltr' id='par_1_7' title="bbox 313 3093 1476 4708">
     <span class='ocr_line' id='line_1_32' title="bbox 384 3093 1475 3167; baseline -0.001 -17"><span class='ocrx_word' id='word_1_304' title='bbox 384 3095 559 3150; x_wconf 82' lang='grc' dir='ltr'><strong>Ἀπτδεκύιτοον</strong></span> <span class='ocrx_word' id='word_1_305' title='bbox 573 3095 599 3150; x_wconf 70' lang='grc' dir='ltr'><strong>δὲ</strong></span> <span class='ocrx_word' id='word_1_306' title='bbox 611 3095 653 3164; x_wconf 72' lang='grc' dir='ltr'><strong>τὴν</strong></span> <span class='ocrx_word' id='word_1_307' title='bbox 666 3094 817 3167; x_wconf 52' lang='lat' dir='ltr'><strong>maaria]</strong></span> <span class='ocrx_word' id='word_1_308' title='bbox 834 3095 972 3166; x_wconf 90' lang='lat' dir='ltr'><strong>Proprium</strong></span> <span class='ocrx_word' id='word_1_309' title='bbox 980 3093 1245 3162; x_wconf 83' lang='lat' dir='ltr'><strong>hoctaitLevitarum,</strong></span> <span class='ocrx_word' id='word_1_310' title='bbox 1258 3097 1304 3166; x_wconf 87' lang='lat' dir='ltr'><strong>qui</strong></span> <span class='ocrx_word' id='word_1_311' title='bbox 1312 3095 1475 3158; x_wconf 86' lang='lat' dir='ltr'><strong>decimarum,</strong></span> 
     </span>
     <span class='ocr_line' id='line_1_33' title="bbox 317 3181 1475 3256; baseline -0.004 -18"><span class='ocrx_word' id='word_1_312' title='bbox 317 3199 382 3254; x_wconf 89' lang='lat' dir='ltr'><strong>quaa</strong></span> <span class='ocrx_word' id='word_1_313' title='bbox 393 3185 505 3256; x_wconf 89' lang='lat' dir='ltr'><strong>populns</strong></span> <span class='ocrx_word' id='word_1_314' title='bbox 517 3183 666 3256; x_wconf 86' lang='lat' dir='ltr'><strong>praestabat</strong></span> <span class='ocrx_word' id='word_1_315' title='bbox 675 3183 852 3237; x_wconf 86' lang='lat' dir='ltr'><strong>sacerdotibus</strong></span> <span class='ocrx_word' id='word_1_316' title='bbox 870 3182 1032 3246; x_wconf 77' lang='lat' dir='ltr'><strong>animabant,</strong></span> <span class='ocrx_word' id='word_1_317' title='bbox 1053 3181 1227 3235; x_wconf 88' lang='lat' dir='ltr'><strong>Numeroram</strong></span> <span class='ocrx_word' id='word_1_318' title='bbox 1238 3199 1313 3236; x_wconf 86' lang='lat' dir='ltr'><strong>xvar.</strong></span> <span class='ocrx_word' id='word_1_319' title='bbox 1329 3182 1410 3252; x_wconf 82' lang='lat' dir='ltr'><strong>Atqui</strong></span> <span class='ocrx_word' id='word_1_320' title='bbox 1426 3197 1475 3234; x_wconf 85' lang='lat' dir='ltr'><strong>uon</strong></span> 
     </span>
     <span class='ocr_line' id='line_1_34' title="bbox 316 3264 1476 3338; baseline -0.004 -15"><span class='ocrx_word' id='word_1_321' title='bbox 316 3285 407 3325; x_wconf 87' lang='lat' dir='ltr'><strong>omnes</strong></span> <span class='ocrx_word' id='word_1_322' title='bbox 418 3269 550 3323; x_wconf 80' lang='lat' dir='ltr'><strong>Pharisaei</strong></span> <span class='ocrx_word' id='word_1_323' title='bbox 566 3275 641 3323; x_wconf 87' lang='lat' dir='ltr'><strong>eraut</strong></span> <span class='ocrx_word' id='word_1_324' title='bbox 655 3268 773 3332; x_wconf 81' lang='lat' dir='ltr'><strong>Levitae,</strong></span> <span class='ocrx_word' id='word_1_325' title='bbox 793 3268 862 3338; x_wconf 89' lang='lat' dir='ltr'><strong>qaod</strong></span> <span class='ocrx_word' id='word_1_326' title='bbox 879 3273 968 3321; x_wconf 67' lang='lat' dir='ltr'><strong>mareu</strong></span> <span class='ocrx_word' id='word_1_327' title='bbox 983 3264 1158 3338; x_wconf 83' lang='lat' dir='ltr'><strong>Epiphaniam</strong></span> <span class='ocrx_word' id='word_1_328' title='bbox 1177 3268 1291 3320; x_wconf 84' lang='lat' dir='ltr'><strong>sensisse</strong></span> <span class='ocrx_word' id='word_1_329' title='bbox 1307 3284 1342 3320; x_wconf 82' lang='lat' dir='ltr'><strong>er</strong></span> <span class='ocrx_word' id='word_1_330' title='bbox 1357 3267 1408 3322; x_wconf 88' lang='lat' dir='ltr'><strong>hoe</strong></span> <span class='ocrx_word' id='word_1_331' title='bbox 1422 3268 1476 3320; x_wconf 86' lang='lat' dir='ltr'><strong>loeo</strong></span> 
     </span>
     <span class='ocr_line' id='line_1_35' title="bbox 315 3351 1476 3426; baseline -0.003 -18"><span class='ocrx_word' id='word_1_332' title='bbox 315 3356 443 3426; x_wconf 86' lang='lat' dir='ltr'><strong>auspicari</strong></span> <span class='ocrx_word' id='word_1_333' title='bbox 452 3355 546 3426; x_wconf 84' lang='lat' dir='ltr'><strong>aliquia</strong></span> <span class='ocrx_word' id='word_1_334' title='bbox 559 3361 655 3425; x_wconf 89' lang='lat' dir='ltr'><strong>posset.</strong></span> <span class='ocrx_word' id='word_1_335' title='bbox 678 3354 750 3419; x_wconf 82' lang='lat' dir='ltr'><strong>Quae</strong></span> <span class='ocrx_word' id='word_1_336' title='bbox 762 3354 833 3407; x_wconf 89' lang='lat' dir='ltr'><strong>euim</strong></span> <span class='ocrx_word' id='word_1_337' title='bbox 843 3353 941 3423; x_wconf 85' lang='lat' dir='ltr'><strong>alioqui</strong></span> <span class='ocrx_word' id='word_1_338' title='bbox 951 3353 1117 3406; x_wconf 84' lang='lat' dir='ltr'><strong>decumarum</strong></span> <span class='ocrx_word' id='word_1_339' title='bbox 1127 3359 1190 3406; x_wconf 84' lang='lat' dir='ltr'><strong>suat</strong></span> <span class='ocrx_word' id='word_1_340' title='bbox 1198 3351 1331 3418; x_wconf 85' lang='lat' dir='ltr'><strong>decumae,</strong></span> <span class='ocrx_word' id='word_1_341' title='bbox 1342 3368 1476 3424; x_wconf 85' lang='lat' dir='ltr'><strong>cumprae-</strong></span> 
     </span>
     <span class='ocr_line' id='line_1_36' title="bbox 316 3437 1475 3508; baseline -0.003 -14"><span class='ocrx_word' id='word_1_342' title='bbox 316 3447 355 3494; x_wconf 92' lang='lat' dir='ltr'><strong>ter</strong></span> <span class='ocrx_word' id='word_1_343' title='bbox 365 3441 509 3494; x_wconf 85' lang='lat' dir='ltr'><strong>Levitieum</strong></span> <span class='ocrx_word' id='word_1_344' title='bbox 520 3440 637 3494; x_wconf 90' lang='lat' dir='ltr'><strong>ordinem</strong></span> <span class='ocrx_word' id='word_1_345' title='bbox 648 3439 770 3494; x_wconf 86' lang='lat' dir='ltr'><strong>decumas</strong></span> <span class='ocrx_word' id='word_1_346' title='bbox 782 3439 869 3493; x_wconf 80' lang='lat' dir='ltr'><strong>undas</strong></span> <span class='ocrx_word' id='word_1_347' title='bbox 880 3440 1025 3508; x_wconf 78' lang='lat' dir='ltr'><strong>acceperit?</strong></span> <span class='ocrx_word' id='word_1_348' title='bbox 1041 3437 1160 3492; x_wconf 88' lang='lat' dir='ltr'><strong>Primum</strong></span> <span class='ocrx_word' id='word_1_349' title='bbox 1177 3439 1294 3492; x_wconf 88' lang='lat' dir='ltr'><strong>omnium</strong></span> <span class='ocrx_word' id='word_1_350' title='bbox 1309 3439 1343 3491; x_wconf 88' lang='lat' dir='ltr'><strong>ab</strong></span> <span class='ocrx_word' id='word_1_351' title='bbox 1355 3437 1475 3492; x_wconf 80' lang='lat' dir='ltr'><strong>israelitis</strong></span> 
     </span>
     <span class='ocr_line' id='line_1_37' title="bbox 315 3523 1476 3598; baseline -0.002 -18"><span class='ocrx_word' id='word_1_352' title='bbox 315 3527 444 3598; x_wconf 88' lang='lat' dir='ltr'><strong>primitiae</strong></span> <span class='ocrx_word' id='word_1_353' title='bbox 453 3527 484 3580; x_wconf 91' lang='lat' dir='ltr'><strong>de</strong></span> <span class='ocrx_word' id='word_1_354' title='bbox 490 3527 577 3597; x_wconf 84' lang='lat' dir='ltr'><strong>spicia,</strong></span> <span class='ocrx_word' id='word_1_355' title='bbox 590 3527 680 3579; x_wconf 78' lang='lat' dir='ltr'><strong>uuiaet</strong></span> <span class='ocrx_word' id='word_1_356' title='bbox 688 3526 752 3579; x_wconf 84' lang='lat' dir='ltr'><strong>oleis</strong></span> <span class='ocrx_word' id='word_1_357' title='bbox 761 3523 943 3590; x_wconf 83' lang='lat' dir='ltr'><strong>afferebantur,</strong></span> <span class='ocrx_word' id='word_1_358' title='bbox 955 3528 1011 3578; x_wconf 89' lang='lat' dir='ltr'><strong>tam</strong></span> <span class='ocrx_word' id='word_1_359' title='bbox 1023 3523 1055 3578; x_wconf 91' lang='lat' dir='ltr'><strong>de</strong></span> <span class='ocrx_word' id='word_1_360' title='bbox 1064 3524 1185 3594; x_wconf 81' lang='lat' dir='ltr'><strong>frugibus</strong></span> <span class='ocrx_word' id='word_1_361' title='bbox 1197 3525 1335 3578; x_wconf 84' lang='lat' dir='ltr'><strong>elaboratis</strong></span> <span class='ocrx_word' id='word_1_362' title='bbox 1341 3523 1476 3584; x_wconf 74' lang='lat' dir='ltr'><strong>Therona,</strong></span> 
     </span>
     <span class='ocr_line' id='line_1_38' title="bbox 316 3609 1475 3680; baseline -0.003 -14"><span class='ocrx_word' id='word_1_363' title='bbox 316 3617 342 3666; x_wconf 94' lang='lat' dir='ltr'><strong>et</strong></span> <span class='ocrx_word' id='word_1_364' title='bbox 358 3612 482 3668; x_wconf 88' lang='lat' dir='ltr'><strong>decimae.</strong></span> <span class='ocrx_word' id='word_1_365' title='bbox 514 3611 645 3666; x_wconf 80' lang='lat' dir='ltr'><strong>Therama</strong></span> <span class='ocrx_word' id='word_1_366' title='bbox 660 3612 689 3666; x_wconf 90' lang='lat' dir='ltr'><strong>iu</strong></span> <span class='ocrx_word' id='word_1_367' title='bbox 708 3611 767 3680; x_wconf 91' lang='lat' dir='ltr'><strong>lege</strong></span> <span class='ocrx_word' id='word_1_368' title='bbox 784 3609 891 3664; x_wconf 89' lang='lat' dir='ltr'><strong>definita</strong></span> <span class='ocrx_word' id='word_1_369' title='bbox 907 3626 961 3663; x_wconf 91' lang='lat' dir='ltr'><strong>aon</strong></span> <span class='ocrx_word' id='word_1_370' title='bbox 978 3615 1040 3663; x_wconf 78' lang='lat' dir='ltr'><strong>erat.</strong></span> <span class='ocrx_word' id='word_1_371' title='bbox 1069 3610 1121 3663; x_wconf 82' lang='lat' dir='ltr'><strong>Sed</strong></span> <span class='ocrx_word' id='word_1_372' title='bbox 1133 3627 1149 3663; x_wconf 90' lang='lat' dir='ltr'><strong>a</strong></span> <span class='ocrx_word' id='word_1_373' title='bbox 1159 3611 1293 3680; x_wconf 60' lang='lat' dir='ltr'><strong>mamstris</strong></span> <span class='ocrx_word' id='word_1_374' title='bbox 1304 3609 1475 3680; x_wconf 82' lang='lat' dir='ltr'><strong>praescriptus</strong></span> 
     </span>
     <span class='ocr_line' id='line_1_39' title="bbox 315 3695 1475 3767; baseline -0.005 -15"><span class='ocrx_word' id='word_1_375' title='bbox 315 3699 408 3752; x_wconf 88' lang='lat' dir='ltr'><strong>modas</strong></span> <span class='ocrx_word' id='word_1_376' title='bbox 421 3703 473 3765; x_wconf 89' lang='lat' dir='ltr'><strong>est,</strong></span> <span class='ocrx_word' id='word_1_377' title='bbox 485 3704 515 3751; x_wconf 92' lang='lat' dir='ltr'><strong>at</strong></span> <span class='ocrx_word' id='word_1_378' title='bbox 525 3714 559 3752; x_wconf 89' lang='lat' dir='ltr'><strong>ue</strong></span> <span class='ocrx_word' id='word_1_379' title='bbox 570 3698 656 3750; x_wconf 84' lang='lat' dir='ltr'><strong>miuus</strong></span> <span class='ocrx_word' id='word_1_380' title='bbox 669 3696 835 3767; x_wconf 86' lang='lat' dir='ltr'><strong>sexagesima</strong></span> <span class='ocrx_word' id='word_1_381' title='bbox 845 3695 1008 3766; x_wconf 89' lang='lat' dir='ltr'><strong>penderetur.</strong></span> <span class='ocrx_word' id='word_1_382' title='bbox 1033 3695 1117 3758; x_wconf 84' lang='lat' dir='ltr'><strong>Quare</strong></span> <span class='ocrx_word' id='word_1_383' title='bbox 1129 3696 1176 3765; x_wconf 92' lang='lat' dir='ltr'><strong>qui</strong></span> <span class='ocrx_word' id='word_1_384' title='bbox 1186 3695 1306 3750; x_wconf 87' lang='lat' dir='ltr'><strong>liberales</strong></span> <span class='ocrx_word' id='word_1_385' title='bbox 1318 3699 1404 3759; x_wconf 88' lang='lat' dir='ltr'><strong>erant,</strong></span> <span class='ocrx_word' id='word_1_386' title='bbox 1416 3709 1475 3764; x_wconf 89' lang='lat' dir='ltr'><strong>quu-</strong></span> 
     </span>
     <span class='ocr_line' id='line_1_40' title="bbox 314 3779 1474 3854; baseline -0.007 -16"><span class='ocrx_word' id='word_1_387' title='bbox 314 3785 501 3854; x_wconf 83' lang='lat' dir='ltr'><strong>dragesimam,</strong></span> <span class='ocrx_word' id='word_1_388' title='bbox 517 3783 589 3854; x_wconf 89' lang='lat' dir='ltr'><strong>parci</strong></span> <span class='ocrx_word' id='word_1_389' title='bbox 605 3782 811 3851; x_wconf 84' lang='lat' dir='ltr'><strong>sexagesimam,</strong></span> <span class='ocrx_word' id='word_1_390' title='bbox 831 3779 911 3834; x_wconf 89' lang='lat' dir='ltr'><strong>medii</strong></span> <span class='ocrx_word' id='word_1_391' title='bbox 921 3781 987 3834; x_wconf 89' lang='lat' dir='ltr'><strong>inter</strong></span> <span class='ocrx_word' id='word_1_392' title='bbox 999 3787 1122 3852; x_wconf 88' lang='lat' dir='ltr'><strong>atrosque</strong></span> <span class='ocrx_word' id='word_1_393' title='bbox 1134 3781 1167 3834; x_wconf 89' lang='lat' dir='ltr'><strong>ad</strong></span> <span class='ocrx_word' id='word_1_394' title='bbox 1178 3780 1226 3834; x_wconf 93' lang='lat' dir='ltr'><strong>hos</strong></span> <span class='ocrx_word' id='word_1_395' title='bbox 1242 3786 1288 3833; x_wconf 90' lang='lat' dir='ltr'><strong>aut</strong></span> <span class='ocrx_word' id='word_1_396' title='bbox 1298 3781 1359 3834; x_wconf 87' lang='lat' dir='ltr'><strong>iilos</strong></span> <span class='ocrx_word' id='word_1_397' title='bbox 1375 3779 1474 3833; x_wconf 73' lang='lat' dir='ltr'><strong>amede·</strong></span> 
     </span>
     <span class='ocr_line' id='line_1_41' title="bbox 314 3865 1475 3940; baseline -0.006 -17"><span class='ocrx_word' id='word_1_398' title='bbox 314 3871 386 3924; x_wconf 82' lang='lat' dir='ltr'><strong>bant</strong></span> <span class='ocrx_word' id='word_1_399' title='bbox 410 3869 448 3922; x_wconf 89' lang='lat' dir='ltr'><strong>Da</strong></span> <span class='ocrx_word' id='word_1_400' title='bbox 460 3885 513 3940; x_wconf 86' lang='lat' dir='ltr'><strong>qna</strong></span> <span class='ocrx_word' id='word_1_401' title='bbox 522 3885 550 3922; x_wconf 91' lang='lat' dir='ltr'><strong>re</strong></span> <span class='ocrx_word' id='word_1_402' title='bbox 562 3874 636 3922; x_wconf 89' lang='lat' dir='ltr'><strong>extat</strong></span> <span class='ocrx_word' id='word_1_403' title='bbox 642 3865 745 3938; x_wconf 87' lang='lat' dir='ltr'><strong>losephi</strong></span> <span class='ocrx_word' id='word_1_404' title='bbox 754 3867 879 3936; x_wconf 84' lang='lat' dir='ltr'><strong>Scaligeri</strong></span> <span class='ocrx_word' id='word_1_405' title='bbox 890 3867 1043 3937; x_wconf 88' lang='lat' dir='ltr'><strong>opusculum</strong></span> <span class='ocrx_word' id='word_1_406' title='bbox 1054 3865 1275 3922; x_wconf 87' lang='lat' dir='ltr'><strong>iuterPosthuma.</strong></span> <span class='ocrx_word' id='word_1_407' title='bbox 1298 3867 1338 3919; x_wconf 91' lang='lat' dir='ltr'><strong>De</strong></span> <span class='ocrx_word' id='word_1_408' title='bbox 1348 3867 1382 3918; x_wconf 87' lang='lat' dir='ltr'><strong>iis</strong></span> <span class='ocrx_word' id='word_1_409' title='bbox 1391 3867 1475 3934; x_wconf 87' lang='lat' dir='ltr'><strong>itaqua</strong></span> 
     </span>
     <span class='ocr_line' id='line_1_42' title="bbox 314 3949 1474 4024; baseline -0.007 -15"><span class='ocrx_word' id='word_1_410' title='bbox 314 3955 450 4010; x_wconf 73' lang='lat' dir='ltr'><strong>liberantis</strong></span> <span class='ocrx_word' id='word_1_411' title='bbox 461 3955 562 4008; x_wconf 80' lang='lat' dir='ltr'><strong>iorterm</strong></span> <span class='ocrx_word' id='word_1_412' title='bbox 573 3952 736 4024; x_wconf 86' lang='lat' dir='ltr'><strong>accipiendus</strong></span> <span class='ocrx_word' id='word_1_413' title='bbox 745 3950 911 4023; x_wconf 80' lang='lat' dir='ltr'><strong>Epiphanius,</strong></span> <span class='ocrx_word' id='word_1_414' title='bbox 924 3969 985 4006; x_wconf 90' lang='lat' dir='ltr'><strong>cum</strong></span> <span class='ocrx_word' id='word_1_415' title='bbox 994 3950 1168 4022; x_wconf 79' lang='grc' dir='ltr'><strong>τριακοντύδιις</strong></span> <span class='ocrx_word' id='word_1_416' title='bbox 1180 3959 1206 4006; x_wconf 93' lang='lat' dir='ltr'><strong>et</strong></span> <span class='ocrx_word' id='word_1_417' title='bbox 1217 3949 1410 4017; x_wconf 76' lang='grc' dir='ltr'><strong>πεντηκοντύδαι</strong></span> <span class='ocrx_word' id='word_1_418' title='bbox 1421 3966 1474 4021; x_wconf 88' lang='lat' dir='ltr'><strong>per·</strong></span> 
     </span>
     <span class='ocr_line' id='line_1_43' title="bbox 314 4036 1474 4108; baseline -0.006 -14"><span class='ocrx_word' id='word_1_419' title='bbox 314 4043 414 4094; x_wconf 83' lang='lat' dir='ltr'><strong>solutae</strong></span> <span class='ocrx_word' id='word_1_420' title='bbox 425 4057 442 4093; x_wconf 87' lang='lat' dir='ltr'><strong>a</strong></span> <span class='ocrx_word' id='word_1_421' title='bbox 452 4039 597 4094; x_wconf 86' lang='lat' dir='ltr'><strong>Pharisaeia</strong></span> <span class='ocrx_word' id='word_1_422' title='bbox 609 4052 667 4092; x_wconf 83' lang='lat' dir='ltr'><strong>esse</strong></span> <span class='ocrx_word' id='word_1_423' title='bbox 678 4038 775 4092; x_wconf 87' lang='lat' dir='ltr'><strong>scribit.</strong></span> <span class='ocrx_word' id='word_1_424' title='bbox 798 4037 872 4100; x_wconf 84' lang='lat' dir='ltr'><strong>Quod</strong></span> <span class='ocrx_word' id='word_1_425' title='bbox 889 4039 1014 4092; x_wconf 88' lang='lat' dir='ltr'><strong>siveram</strong></span> <span class='ocrx_word' id='word_1_426' title='bbox 1032 4045 1083 4103; x_wconf 84' lang='lat' dir='ltr'><strong>est,</strong></span> <span class='ocrx_word' id='word_1_427' title='bbox 1100 4039 1206 4108; x_wconf 88' lang='lat' dir='ltr'><strong>egregia</strong></span> <span class='ocrx_word' id='word_1_428' title='bbox 1222 4038 1326 4091; x_wconf 90' lang='lat' dir='ltr'><strong>illorum</strong></span> <span class='ocrx_word' id='word_1_429' title='bbox 1337 4036 1474 4090; x_wconf 85' lang='lat' dir='ltr'><strong>liberalitas</strong></span> 
     </span>
     <span class='ocr_line' id='line_1_44' title="bbox 314 4123 1473 4197; baseline -0.004 -19"><span class='ocrx_word' id='word_1_430' title='bbox 314 4127 409 4191; x_wconf 84' lang='lat' dir='ltr'><strong>extitit,</strong></span> <span class='ocrx_word' id='word_1_431' title='bbox 420 4133 509 4197; x_wconf 88' lang='lat' dir='ltr'><strong>utpote</strong></span> <span class='ocrx_word' id='word_1_432' title='bbox 522 4126 566 4196; x_wconf 89' lang='lat' dir='ltr'><strong>qai</strong></span> <span class='ocrx_word' id='word_1_433' title='bbox 577 4125 743 4196; x_wconf 87' lang='lat' dir='ltr'><strong>praefinitum</strong></span> <span class='ocrx_word' id='word_1_434' title='bbox 753 4123 909 4192; x_wconf 87' lang='lat' dir='ltr'><strong>amagistria</strong></span> <span class='ocrx_word' id='word_1_435' title='bbox 918 4125 1058 4176; x_wconf 87' lang='lat' dir='ltr'><strong>terminum</strong></span> <span class='ocrx_word' id='word_1_436' title='bbox 1065 4127 1114 4174; x_wconf 86' lang='grc' dir='ltr'><strong>τῶν</strong></span> <span class='ocrx_word' id='word_1_437' title='bbox 1127 4127 1329 4192; x_wconf 66' lang='lat' dir='ltr'><strong>conceperamus</strong></span> <span class='ocrx_word' id='word_1_438' title='bbox 1341 4137 1473 4192; x_wconf 85' lang='lat' dir='ltr'><strong>superave-</strong></span> 
     </span>
     <span class='ocr_line' id='line_1_45' title="bbox 314 4207 1473 4282; baseline -0.007 -16"><span class='ocrx_word' id='word_1_439' title='bbox 314 4213 373 4266; x_wconf 87' lang='lat' dir='ltr'><strong>riut.</strong></span> <span class='ocrx_word' id='word_1_440' title='bbox 396 4212 457 4266; x_wconf 85' lang='lat' dir='ltr'><strong>&#39;l&#39;ria</strong></span> <span class='ocrx_word' id='word_1_441' title='bbox 471 4229 547 4282; x_wconf 90' lang='lat' dir='ltr'><strong>porro</strong></span> <span class='ocrx_word' id='word_1_442' title='bbox 560 4211 728 4266; x_wconf 86' lang='lat' dir='ltr'><strong>decumarum</strong></span> <span class='ocrx_word' id='word_1_443' title='bbox 743 4209 813 4280; x_wconf 85' lang='lat' dir='ltr'><strong>apud</strong></span> <span class='ocrx_word' id='word_1_444' title='bbox 824 4210 954 4262; x_wconf 88' lang='lat' dir='ltr'><strong>liebraeos</strong></span> <span class='ocrx_word' id='word_1_445' title='bbox 966 4225 1064 4279; x_wconf 86' lang='lat' dir='ltr'><strong>genera</strong></span> <span class='ocrx_word' id='word_1_446' title='bbox 1079 4214 1181 4280; x_wconf 86' lang='lat' dir='ltr'><strong>praeter</strong></span> <span class='ocrx_word' id='word_1_447' title='bbox 1192 4207 1336 4262; x_wconf 81' lang='lat' dir='ltr'><strong>&#39;lberamas</strong></span> <span class='ocrx_word' id='word_1_448' title='bbox 1352 4213 1378 4260; x_wconf 85' lang='lat' dir='ltr'><strong>et</strong></span> <span class='ocrx_word' id='word_1_449' title='bbox 1389 4207 1473 4278; x_wconf 87' lang='lat' dir='ltr'><strong>primi-</strong></span> 
     </span>
     <span class='ocr_line' id='line_1_46' title="bbox 313 4293 1471 4366; baseline -0.005 -16"><span class='ocrx_word' id='word_1_450' title='bbox 313 4299 364 4350; x_wconf 91' lang='lat' dir='ltr'><strong>tias</strong></span> <span class='ocrx_word' id='word_1_451' title='bbox 376 4296 456 4350; x_wconf 87' lang='lat' dir='ltr'><strong>inere.</strong></span> <span class='ocrx_word' id='word_1_452' title='bbox 487 4297 574 4350; x_wconf 88' lang='lat' dir='ltr'><strong>Prima</strong></span> <span class='ocrx_word' id='word_1_453' title='bbox 590 4297 635 4350; x_wconf 89' lang='lat' dir='ltr'><strong>illa</strong></span> <span class='ocrx_word' id='word_1_454' title='bbox 649 4297 699 4350; x_wconf 87' lang='lat' dir='ltr'><strong>fait</strong></span> <span class='ocrx_word' id='word_1_455' title='bbox 713 4311 793 4366; x_wconf 89' lang='lat' dir='ltr'><strong>qaam</strong></span> <span class='ocrx_word' id='word_1_456' title='bbox 803 4293 933 4346; x_wconf 83' lang='lat' dir='ltr'><strong>Leviticae</strong></span> <span class='ocrx_word' id='word_1_457' title='bbox 949 4295 1028 4347; x_wconf 87' lang='lat' dir='ltr'><strong>tribui</strong></span> <span class='ocrx_word' id='word_1_458' title='bbox 1045 4295 1184 4364; x_wconf 86' lang='lat' dir='ltr'><strong>quotannis</strong></span> <span class='ocrx_word' id='word_1_459' title='bbox 1201 4296 1373 4365; x_wconf 87' lang='lat' dir='ltr'><strong>pensitabant.</strong></span> <span class='ocrx_word' id='word_1_460' title='bbox 1398 4293 1471 4346; x_wconf 88' lang='lat' dir='ltr'><strong>Nam.</strong></span> 
     </span>
     <span class='ocr_line' id='line_1_47' title="bbox 314 4378 1472 4452; baseline -0.007 -15"><span class='ocrx_word' id='word_1_461' title='bbox 314 4401 398 4449; x_wconf 78' lang='lat' dir='ltr'><strong>avua,</strong></span> <span class='ocrx_word' id='word_1_462' title='bbox 409 4383 450 4437; x_wconf 74' lang='lat' dir='ltr'><strong>bt).</strong></span> <span class='ocrx_word' id='word_1_463' title='bbox 462 4389 489 4436; x_wconf 89' lang='lat' dir='ltr'><strong>et</strong></span> <span class='ocrx_word' id='word_1_464' title='bbox 499 4383 629 4452; x_wconf 86' lang='lat' dir='ltr'><strong>deinceps.</strong></span> <span class='ocrx_word' id='word_1_465' title='bbox 657 4383 757 4445; x_wconf 81' lang='lat' dir='ltr'><strong>Altera,</strong></span> <span class='ocrx_word' id='word_1_466' title='bbox 773 4397 853 4450; x_wconf 86' lang='lat' dir='ltr'><strong>qaam</strong></span> <span class='ocrx_word' id='word_1_467' title='bbox 865 4381 976 4450; x_wconf 85' lang='lat' dir='ltr'><strong>siugulis</strong></span> <span class='ocrx_word' id='word_1_468' title='bbox 988 4381 1064 4432; x_wconf 85' lang='lat' dir='ltr'><strong>anuis</strong></span> <span class='ocrx_word' id='word_1_469' title='bbox 1076 4397 1156 4450; x_wconf 86' lang='lat' dir='ltr'><strong>peaes</strong></span> <span class='ocrx_word' id='word_1_470' title='bbox 1173 4397 1203 4434; x_wconf 89' lang='lat' dir='ltr'><strong>se</strong></span> <span class='ocrx_word' id='word_1_471' title='bbox 1220 4382 1329 4450; x_wconf 89' lang='lat' dir='ltr'><strong>quisque</strong></span> <span class='ocrx_word' id='word_1_472' title='bbox 1341 4378 1472 4438; x_wconf 79' lang='lat' dir='ltr'><strong>retinebat,</strong></span> 
     </span>
     <span class='ocr_line' id='line_1_48' title="bbox 314 4463 1472 4533; baseline -0.006 -11"><span class='ocrx_word' id='word_1_473' title='bbox 314 4475 345 4522; x_wconf 92' lang='lat' dir='ltr'><strong>ut</strong></span> <span class='ocrx_word' id='word_1_474' title='bbox 354 4469 403 4533; x_wconf 90' lang='lat' dir='ltr'><strong>ibi,</strong></span> <span class='ocrx_word' id='word_1_475' title='bbox 415 4469 459 4522; x_wconf 92' lang='lat' dir='ltr'><strong>abi</strong></span> <span class='ocrx_word' id='word_1_476' title='bbox 470 4469 646 4522; x_wconf 86' lang='lat' dir='ltr'><strong>sanctuarium</strong></span> <span class='ocrx_word' id='word_1_477' title='bbox 658 4472 725 4532; x_wconf 83' lang='lat' dir='ltr'><strong>erat,</strong></span> <span class='ocrx_word' id='word_1_478' title='bbox 735 4467 782 4520; x_wconf 87' lang='lat' dir='ltr'><strong>illa</strong></span> <span class='ocrx_word' id='word_1_479' title='bbox 792 4471 952 4530; x_wconf 77' lang='lat' dir='ltr'><strong>vesceretur,</strong></span> <span class='ocrx_word' id='word_1_480' title='bbox 962 4465 1083 4518; x_wconf 88' lang='lat' dir='ltr'><strong>adhibitis</strong></span> <span class='ocrx_word' id='word_1_481' title='bbox 1095 4466 1128 4518; x_wconf 88' lang='lat' dir='ltr'><strong>ad</strong></span> <span class='ocrx_word' id='word_1_482' title='bbox 1140 4467 1287 4518; x_wconf 64' lang='lat' dir='ltr'><strong>ronanam</strong></span> <span class='ocrx_word' id='word_1_483' title='bbox 1295 4465 1391 4518; x_wconf 88' lang='lat' dir='ltr'><strong>Levitis</strong></span> <span class='ocrx_word' id='word_1_484' title='bbox 1400 4463 1472 4516; x_wconf 88' lang='lat' dir='ltr'><strong>Deut.</strong></span> 
     </span>
     <span class='ocr_line' id='line_1_49' title="bbox 313 4549 1473 4622; baseline -0.007 -14"><span class='ocrx_word' id='word_1_485' title='bbox 313 4571 367 4608; x_wconf 77' lang='lat' dir='ltr'><strong>arv.</strong></span> <span class='ocrx_word' id='word_1_486' title='bbox 395 4554 483 4608; x_wconf 81' lang='lat' dir='ltr'><strong>Tertia</strong></span> <span class='ocrx_word' id='word_1_487' title='bbox 493 4553 610 4618; x_wconf 89' lang='lat' dir='ltr'><strong>demum,</strong></span> <span class='ocrx_word' id='word_1_488' title='bbox 628 4569 706 4622; x_wconf 87' lang='lat' dir='ltr'><strong>qaam</strong></span> <span class='ocrx_word' id='word_1_489' title='bbox 722 4553 797 4607; x_wconf 90' lang='lat' dir='ltr'><strong>tertio</strong></span> <span class='ocrx_word' id='word_1_490' title='bbox 813 4567 918 4622; x_wconf 87' lang='lat' dir='ltr'><strong>qaoque</strong></span> <span class='ocrx_word' id='word_1_491' title='bbox 935 4565 1003 4604; x_wconf 91' lang='lat' dir='ltr'><strong>anuo</strong></span> <span class='ocrx_word' id='word_1_492' title='bbox 1018 4552 1047 4604; x_wconf 91' lang='lat' dir='ltr'><strong>iu</strong></span> <span class='ocrx_word' id='word_1_493' title='bbox 1058 4550 1161 4605; x_wconf 77' lang='lat' dir='ltr'><strong>araas</strong></span> <span class='ocrx_word' id='word_1_494' title='bbox 1174 4551 1323 4622; x_wconf 82' lang='lat' dir='ltr'><strong>etpupillos</strong></span> <span class='ocrx_word' id='word_1_495' title='bbox 1334 4549 1473 4618; x_wconf 84' lang='lat' dir='ltr'><strong>viduasque</strong></span> 
     </span>
     <span class='ocr_line' id='line_1_50' title="bbox 313 4639 739 4708; baseline -0.005 -14"><span class='ocrx_word' id='word_1_496' title='bbox 313 4639 515 4704; x_wconf 61' lang='lat' dir='ltr'><strong>hatabuebanm</strong></span> <span class='ocrx_word' id='word_1_497' title='bbox 526 4639 583 4692; x_wconf 90' lang='lat' dir='ltr'><strong>eod.</strong></span> <span class='ocrx_word' id='word_1_498' title='bbox 594 4639 671 4695; x_wconf 84' lang='lat' dir='ltr'><strong>Dent.</strong></span> <span class='ocrx_word' id='word_1_499' title='bbox 682 4655 739 4708; x_wconf 89' lang='lat' dir='ltr'><strong>cap.</strong></span> 
     </span>
    </p>
   </div>
   <div class='ocr_carea' id='block_1_3' title="bbox 0 0 1612 5152">
    <p class='ocr_par' dir='ltr' id='par_1_8' title="bbox 0 0 1612 5152">
     <span class='ocr_line' id='line_1_51' title="bbox 0 0 1612 5152; baseline 0 1"><span class='ocrx_word' id='word_1_500' title='bbox 0 0 1612 5152; x_wconf 95' lang='lat' dir='ltr'><strong> </strong></span> 
     </span>
    </p>
   </div>
  </div>
 </body>
</html>
