3210 5154
486 405 645 460 suntrana
665 409 705 458 ru
724 407 795 460 eto.
814 407 939 458 trumo.
1251 394 1292 458 10

135 527 244 591 mittem
269 525 365 577 Nostro
383 537 420 576 eet
445 529 508 590 quad
525 531 549 578 in
565 533 682 592 stuporem
700 530 809 590 coniicit,
834 543 857 574 e.
875 545 896 577 c.
914 544 939 594 p.
952 529 1001 576 640
1015 526 1101 594 (106).
1118 527 1149 578 Τ.
1168 528 1198 576 ii.
1218 544 1242 592 p.
1260 529 1292 576 00

136 611 221 678 (ιον).
241 615 291 662 nee
310 612 395 678 (rao).
414 612 445 662 7.
462 613 503 662 rrr.
530 629 555 679 p.
569 616 617 662 aee
638 615 724 678 (aea).
750 615 799 662 eea
816 613 902 678 (ana).
929 615 979 662 eno
995 611 1089 677 (νοον)
1121 614 1171 662 em
1191 609 1293 677 (ιοεν).

135 699 184 746 460
203 696 312 764 (tota),
329 696 395 746 unde
412 692 563 764 ἐκπλῆκτοις
581 707 619 747 eet
635 699 807 748 admirabiliter
824 698 856 752 T.
870 699 913 746 ΙΙΙ.
933 715 958 764 p.
976 701 1024 746 164
1045 697 1122 762 (060)
1140 693 1170 748 ἐκ
1186 695 1231 748 τοῦ
1247 693 1293 748 ἐκ·

135 779 256 850 πλήκταις
279 778 452 849 γεννήσαντας.
487 781 536 831 iiic
553 799 630 841 vero,
657 791 684 830 ut
710 782 741 832 Τ.
760 783 803 830 ΙΙΙ.
830 799 854 847 p.
872 785 921 832 008
940 783 1050 849 (1014),
1069 779 1209 846 ἐκπληκτος
1225 780 1293 830 idem

136 866 202 916 vaiet
219 884 250 916 ac
268 867 322 917 Lat.
341 870 458 916 atianiiut.
492 865 543 916 Sed
569 867 675 916 sortasse
699 866 847 932 legendum:
875 865 1048 934 ἐμπλήκτου,
1073 881 1147 932 quum
1165 864 1228 914 haec
1244 880 1294 916 non

135 951 187 1000 eine
204 951 354 1001 temeritatis
372 961 431 1002 nota
449 949 569 1001 dicantur.
606 951 682 1000 Coni'.
698 951 840 1018 superiora:
865 948 991 1017 πρόφασιν
1009 947 1053 1016 μὶν
1071 945 1190 1016 ἀγάπης,
1208 947 1292 1018 τόλμῃ

136 1035 165 1088 δέ
182 1035 262 1101 (maie
278 1035 368 1102 vuigo:
394 1031 514 1102 τόλμης
533 1035 593 1102 δέ),
612 1034 638 1084 id
656 1043 707 1084 eet:
732 1041 856 1098 praetecta
871 1039 966 1098 quidem
984 1039 1088 1098 ameria,
1110 1049 1192 1097 reapse
1208 1039 1294 1086 conatu

137 1124 267 1171 itmermo

202 1207 230 1256 P.
245 1209 295 1256 001
315 1206 401 1272 (177).
428 1211 548 1259 τεκεῖν
573 1199 696 1260 οόσῖαν
722 1199 891 1273 ἄμορφον,
911 1205 988 1260 οῗαν
1006 1202 1112 1273 φύσιν
1133 1200 1212 1273 εἶχε
1230 1201 1293 1270 Βῆ-

136 1292 233 1343 λειαν
259 1289 387 1357 τεκεῖν]
407 1291 485 1342 Recte
501 1291 577 1342 habet
594 1290 712 1340 librorum
731 1289 840 1341 omniurn
858 1290 948 1342 lectio:
969 1290 1022 1346 eine
1040 1323 1047 1340 ·
1062 1327 1068 1342 .
1082 1325 1089 1340 .
1105 1295 1195 1348 τεκεῖν,
1213 1305 1294 1357 aeque

137 1381 188 1436 eei,
215 1375 333 1443 quotide
351 1391 413 1426 voce
431 1374 536 1442 θήλειαν
553 1376 577 1426 in
597 1372 688 1441 δῆλιια
706 1374 880 1426 commutanda
899 1375 1002 1442 cogitare.
1037 1374 1106 1426 Nihil
1123 1375 1149 1426 io
1167 1374 1235 1424 hiere
1252 1374 1292 1425 vi*

136 1459 225 1509 <imunt
241 1463 332 1511 irenaei
349 1473 375 1510 et
392 1463 524 1523 Epipitane’i
540 1461 688 1528 interpretes
706 1460 797 1510 Latini.
833 1463 873 1512 Tu
892 1471 977 1510 verte:
1006 1465 1099 1524 quuiem
1116 1465 1294 1512 cameaianeum

136 1551 183 1595 σοι
199 1548 315 1609 {entim
329 1559 430 1608 poten,
447 1545 560 1596 nimirum
578 1545 670 1612 ubique
687 1544 798 1612 coniugis
817 1545 983 1614 copulatione.
1018 1545 1092 1596 Gooi.
1110 1545 1157 1595 ieta
1175 1545 1201 1594 iu
1219 1561 1293 1612 prae·
1343 1577 1346 1584 ·

136 1629 240 1695 gremii:
259 1647 285 1696 p.
301 1632 350 1678 000
367 1630 444 1697 (177)
462 1623 521 1682 ἀνευ
538 1631 587 1696 τῆς
604 1628 741 1696 ἐπιπλοκῆς
757 1630 801 1683 τοῦ
817 1629 925 1697 συζύγου
942 1631 986 1684 τοῦ
1004 1629 1127 1696 Θεληοοῦ.
1144 1639 1170 1678 re
1183 1628 1208 1680 in
1222 1646 1292 1697 eeqq·

136 1731 159 1782 p.
173 1718 223 1764 001
243 1715 321 1780 (178)
340 1709 435 1778 καρπόν
452 1709 548 1780 ἀσθενῆ
568 1714 612 1768 καὶ
629 1717 709 1782 δῆλον
728 1709 804 1768 αὐτόν
825 1716 931 1782 λέγουσι
958 1726 983 1766 et
1004 1734 1028 1783 p.
1045 1719 1095 1766 810
1114 1716 1191 1781 (101)
1209 1707 1292 1779 ciente

136 1796 263 1866 ἐκτρωμα.
299 1799 477 1865 interpretibus
497 1800 592 1850 intinie
609 1810 634 1850 et
652 1803 777 1864 iioeeueiu
794 1799 887 1867 Seiitece
905 1801 1054 1858 coniicienti.
1073 1800 1156 1850 fraudi
1175 1798 1224 1850 suit
1243 1799 1293 1848 ior·

136 1883 200 1934 raaia
218 1882 297 1950 φύσιν
315 1882 398 1952 ἔχειν,
425 1900 487 1950 quae
511 1873 580 1936 'nunc
605 1885 719 1936 ebeointe
744 1885 844 1952 ponitur
861 1897 887 1936 et
911 1885 1077 1938 accusativum
1098 1903 1153 1935 caru
1171 1884 1293 1936 infinitivo

135 1985 218 2018 eccam
235 1967 326 2028 hebet,
345 1979 372 2018 ut
389 1969 531 2028 hocloco,
548 1987 614 2020 nuuc
631 1970 664 2019 ad
680 1970 817 2020 eubiectum
836 1971 944 2020 refertur
961 1982 988 2020 et
1005 1969 1153 2020 infinitivum
1170 1969 1293 2020 adipiscit.

36 2093 38 2100 .
136 2051 232 2102 Virieeie
257 2070 313 2104 mea
338 2053 370 2104 ed
394 2056 426 2106 io.
446 2057 512 2116 Gipc.
533 2057 568 2104 De
587 2056 651 2106 Vera
668 2057 739 2122 synt.
759 2056 813 2104 iiat.
839 2073 865 2123 p.
883 2057 984 2106 ΧΧΙΧ.
1021 2055 1146 2106 Posterior
1170 2067 1294 2106 structure

137 2141 235 2190 obtinet
259 2157 300 2208 ap.
319 2141 478 2190 Ptolemaeum
497 2142 627 2202 Εριρλοιιῖι
652 2158 670 2209 p
695 2144 744 2190 111
766 2141 842 2207 (111)
868 2141 912 2194 τοῦ
938 2134 1036 2207 ἀγαθοῦ
1054 2139 1130 2207 nien
1148 2139 1246 2210 ἐχοντος
1263 2136 1295 2192 mi

137 2219 212 2292 όμοια
230 2223 321 2278 ἑαυτοῦ
339 2221 384 2276 καὶ
401 2219 524 2289 όμοοόσια
540 2225 626 2290 γεννᾶν
644 2223 688 2278 καλ
703 2225 844 2292 προφέρειν.
863 2225 904 2276 ubi
923 2227 1044 2292 interpres
1063 2227 1118 2276 Lat.
1134 2227 1194 2276 cotie
1212 2224 1291 2276 bene:

136 2325 186 2360 cem
202 2312 228 2360 id
244 2313 303 2360 iano
319 2312 413 2358 incitam
430 2312 460 2358 eit
477 2318 525 2358 cet.
560 2308 650 2360 Meiirn
667 2321 749 2360 tamen
768 2321 865 2360 vertar:
887 2327 957 2374 quum
975 2313 1060 2362 borram
1076 2317 1163 2362 notura
1180 2314 1216 2360 νἰσ
1231 2324 1295 2360 cam·

135 2400 248 2456 peretum
265 2397 309 2456 eit,
327 2399 353 2443 ut
371 2401 419 2444 cet.
438 2421 467 2432 -
505 2393 620 2445 Ceterum
646 2391 753 2448 οόοία
775 2388 930 2463 ἄμορφος
954 2405 992 2446 eet
1017 2390 1074 2460 ῦλη.
1112 2395 1293 2463 cornupeta

138 2477 211 2547 (178)
238 2476 353 2531 ἐντεῦθεν
371 2477 472 2544 λέγουσι
487 2477 589 2546 πρώτην
617 2473 697 2548 ἀρχὴν
724 2478 861 2548 ἐσχηκέναι
876 2477 923 2546 τῆν
940 2473 1028 2535 ariciae
1046 2481 1094 2546 τῆς
1120 2475 1184 2547 ὕλης
1201 2479 1231 2534 ἐκ
1246 2481 1296 2546 τῆς

136 2557 237 2630 ἀγνοίας
255 2573 302 2614 cet.
330 2562 390 2613 ibid.
408 2560 521 2631 φυσικήν
544 2581 599 2616 τινα
622 2563 714 2625 αἰῶνος
739 2561 821 2632 όρμῆν
846 2559 1034 2634 τυγχάνουσαν,
1061 2561 1174 2634 ἄμορφον
1192 2565 1228 2620 'di
1251 2565 1296 2622 καὶ

135 2641 245 2702 ἀνείδεον
262 2645 306 2701 0ιά
322 2647 351 2701 τό
371 2646 450 2714 μηδλν
468 2652 626 2724 καταλαβεῖν.
656 2660 682 2700 et
699 2650 763 2710 ieta,
790 2650 822 2701 de
842 2649 997 2700 Aclramothi
1013 2651 1080 2701 dicta
1107 2669 1130 2719 p.
1147 2654 1197 2702 040
1215 2650 1293 2718 (181)

138 2729 184 2795 iio
200 2729 251 2800 γὰρ
268 2729 356 2798 φωτός
370 2731 467 2799 ἐγένετο
484 2733 527 2786 καὶ
544 2734 714 2801 πληρώματος
730 2729 846 2802 ἄμορφος
863 2735 908 2790 καὶ
923 2730 1045 2801 ἀνοιδεος,
1064 2730 1147 2803 ἀςπερ
1165 2733 1294 2802 ἐκτρονμα.

136 2815 177 2870 διαὶ
201 2816 232 2870 τό
258 2815 339 2883 μηδὲν
364 2817 548 2886 κατειληφέναι.
585 2820 649 2870 tons
677 2838 727 2870 uon
745 2831 783 2872 eet
801 2821 955 2889 quaerendus
973 2820 1040 2888 apud
1056 2823 1146 2874 Stoicae
1173 2821 1210 2884 (id
1227 2819 1296 2889 quod

135 2903 211 2953 miror
229 2901 308 2952 vinnm
322 2905 410 2954 itiitere
427 2903 491 2955 iiiet.
510 2904 600 2954 Phiioe.
618 2905 649 2955 Τ.
661 2907 690 2955 V.
707 2923 731 2972 p.
741 2907 812 2972 118),
830 2906 874 2956 eed
887 2905 953 2972 epod
963 2909 1084 2956 Piutonem
1099 2907 1164 2958 Tim.
1181 2924 1206 2972 p.
1214 2910 1254 2956 60.
1265 2908 1295 2957 tt.

136 2980 247 3054 ἄμορφον
264 2979 293 3039 όν
307 2985 408 3040 ἐκείνων
426 2982 532 3042 ἀπασῶν
546 2991 597 3042 ror
615 2988 696 3050 idedu,
716 2983 780 3050 όσοις
798 2991 882 3056 μέλλοι
899 2989 1021 3058 δέχεσθαι
1035 2997 1119 3044 noter.
1137 3003 1163 3042 et
1180 3011 1206 3064 p.
1214 2997 1255 3044 61.
1265 2999 1294 3045 λ.

136 3067 255 3137 ἀνόρατον
273 3067 343 3132 εἶδός
360 3089 384 3124 τι
401 3072 446 3126 καὶ
463 3067 592 3142 ἄμορφον,
610 3072 748 3144 πανδεχὲς,
773 3072 963 3144 μεταλαμβάνον
981 3075 1011 3128 di
1027 3069 1179 3142 όποριότατό
1195 3095 1232 3148 πη
1249 3077 1295 3132 τοῦ

136 3158 232 3223 νοητοῦ.
270 3155 381 3207 indidem
399 3158 480 3208 haunit
497 3172 584 3210 auctor
608 3159 663 3209 iibri
681 3160 791 3228 sapient.
807 3161 854 3210 ΧΙ.
869 3164 910 3211 17.
926 3155 944 3225 ei
960 3157 1149 3227 παντοδόναμός
1172 3177 1217 3216 σου
1238 3164 1295 3232 χεὶρ

136 3243 247 3295 κτίσασα
263 3239 306 3296 τόν
321 3239 417 3309 κόσμον
431 3241 460 3305 ἐξ
473 3240 591 3312 ἀμόρφου
609 3238 680 3310 ὕλης.
718 3247 897 3308 Ολρπρῖοιῖονυε
912 3246 1051 3296 Commeat.
1066 3245 1091 3296 in
1108 3250 1170 3299 Ρισι.
1188 3248 1264 3299 Aieib.
1276 3251 1293 3298 i.

136 3345 159 3397 p
177 3332 236 3379 101.
255 3327 295 3377 ed.
315 3329 401 3378 (ἔνευε.
419 3324 448 3381 τό
467 3328 633 3394 δουλοπρεπὲς
649 3328 740 3395 τρόπον
759 3329 861 3396 (πρέπει
879 3329 941 3380 Cod.
959 3329 1043 3396 ΒινίΙ.)
1060 3333 1094 3400 νῆ
1112 3326 1179 3400 ὕλῃ,
1198 3329 1235 3393 οἷς
1251 3332 1294 3388 ai-

136 3413 223 3482 σχριῗνς
241 3411 286 3466 καλ
310 3407 437 3472 ἀνειδέιος.
472 3415 509 3464 Ex
526 3414 582 3464 eod.
601 3413 672 3464 Baeii.
692 3415 815 3466 reecribe:
842 3412 879 3476 ὠς
903 3414 996 3484 αἰσχρᾷ
1021 3415 1066 3469 καλ
1089 3412 1203 3487 ἀνειδέῳ.
1238 3419 1294 3470 Viri.

135 3498 268 3550 Animade.
286 3499 310 3548 in
329 3501 355 3548 S.
374 3501 447 3549 aaut.
463 3501 482 3550 i.
500 3517 526 3567 p.
544 3503 567 3550 0.

205 3585 230 3633 Ρ.
251 3587 299 3634 tet
318 3583 404 3649 (177).
429 3581 766 3652 ἐγκαταγενομένην
784 3584 820 3640 δὲ
836 3591 912 3646 τοῖς
928 3582 1063 3640 neuere
1080 3589 1203 3659 λαβεῖν
1220 3589 1295 3644 ἐπι-

137 3665 294 3735 στροφῆν
320 3667 379 3722 καὶ
404 3667 462 3722 ἐπὶ
486 3666 543 3723 τόν
569 3669 702 3736 πατέρα
727 3666 946 3737 ἀναδραμεῖν
972 3674 1198 3741 πειραλῆναι]
1228 3677 1296 3728 iiaeo

138 3752 206 3804 dicta
221 3763 281 3804 eunt
295 3771 325 3803 rx
340 3757 513 3807 Piatoniaorum
529 3755 652 3805 sententia
668 3755 700 3805 de
713 3754 853 3824 ἐπιστροφῇ
872 3767 897 3806 et
914 3750 999 3826 ἀνόδῳ
1016 3759 1049 3808 ud
1068 3761 1153 3812 Deum.
1190 3765 1226 3810 De
1242 3760 1295 3816 ἐπι·

137 3838 236 3907 στροφῇ
255 3855 334 3890 rerum
352 3839 385 3890 ad
404 3842 482 3891 Deum
502 3841 598 3892 Preciae
616 3851 641 3889 et
658 3851 717 3892 ante
734 3842 804 3891 iiirrm
821 3841 906 3892 melina
924 3843 999 3892 etium
1015 3847 1296 3910 01οννρεῖυελτοοροριισ

135 3925 270 3992 exposuit,
287 3927 390 3976 Paeiiurn
407 3923 428 3973 ei
445 3923 529 3974 audian
549 3926 651 3986 erueet.
670 3925 743 3993 Phys.
762 3927 786 3976 in
807 3926 887 3978 Cram.
908 3928 999 3978 enecat.
1019 3929 1174 3982 Parie.'i'.1.
1193 3947 1217 3998 p.
1235 3934 1293 3983 tet.

136 4009 194 4060 vid.
213 4012 290 4061 Penei
310 4009 390 4060 inetit.
408 4009 496 4060 Theoi.
517 4009 579 4060 Piat.
596 4027 651 4078 cap.
667 4014 707 4060 ³1.
726 4030 751 4080 p.
767 4015 808 4062 00.
823 4031 861 4081 eq.
878 4012 918 4064 ed.
936 4013 1048 4064 Crcuzer.
1065 4016 1133 4065 cuiue
1151 4019 1295 4072 conferatur

135 4095 268 4146 annotatio
285 4112 311 4163 p.
329 4097 369 4146 00.
386 4111 424 4163 eq.
443 4105 469 4146 et
485 4095 510 4144 in
528 4098 612 4147 Pioiin.
631 4114 656 4164 p.
674 4099 697 4156 0,
712 4100 733 4146 6.
748 4113 785 4164 eq.
821 4097 892 4148 Adde
906 4115 961 4148 mea
976 4099 1001 4150 in
1017 4100 1121 4151 Sciroiiie
1138 4102 1171 4153 ad
1191 4104 1295 4158 Dicam.

137 4181 200 4232 Plot-
219 4199 244 4249 p.
262 4183 392 4230 108106.
429 4180 484 4230 iiuo
508 4180 650 4247 pertinent,
672 4197 738 4248 quae
755 4180 787 4232 de
804 4182 976 4242 ech-motha,
1001 4185 1142 4251 Sepieatiae
1159 4187 1225 4250 iiiia,
1251 4191 1294 4242 di-

139 4276 227 4316 euntur
245 4284 270 4335 p.
286 4269 335 4314 842
352 4266 427 4332 (103)
442 4263 673 4333 ἐπισυμβεβηκέναι
689 4260 713 4320 δ’
731 4260 797 4335 ου’τῆ
815 4265 859 4319 καλ
873 4266 959 4333 λτέραν
971 4266 1100 4330 διάδοσιν,
1117 4269 1164 4339 τῆν
1176 4277 1226 4344 τῆς
1242 4275 1297 4334 (ῃ.

139 4351 253 4418 στροφῆς
271 4361 318 4402 cet.
336 4360 363 4400 et
380 4349 405 4400 in
422 4367 492 4418 seqq.
515 4347 546 4402 ἐκ
564 4347 608 4415 μὶν
626 4347 675 4415 γόρ
691 4351 741 4416 τῆς
757 4349 911 4418 ἐπιστροφῆς
928 4363 976 4403 cet.
1012 4355 1050 4404 De
1065 4350 1151 4427 ἀνόδῳ
1167 4360 1200 4412 ad
1217 4365 1295 4416 Deum

138 4435 188 4486 dixi
211 4435 238 4485 in
259 4435 331 4486 timii.
357 4435 470 4487 Plotiuic.
496 4453 520 4504 p.
535 4438 575 4485 00.
612 4434 673 4486 Cum
699 4435 831 4502 proximis:
858 4435 915 4490 reci
939 4436 1055 4492 ἱκέτιν
1079 4443 1138 4498 τοῦ
1162 4446 1297 4514 πατρός

138 4521 218 4589 perri
228 4521 326 4584 eene,
344 4521 412 4572 coni.
426 4523 508 4584 Sunia.
527 4520 619 4588 Hymet.
635 4520 679 4570 ili.
695 4523 737 4570 80.
752 4536 789 4589 eq.
806 4515 931 4590 Ἐλῖαιρε,
948 4520 1036 4592 πάτιρ,
1051 4528 1057 4592 (
1071 4528 1203 4596 κούρας
1220 4533 1293 4592 (κς.

138 4622 189 4661 τιν
206 4616 256 4659 oet.
