3274 5154
346 367 499 426 conxxw

245 533 320 586 naut.
345 523 434 579 Sirmii
450 527 610 578 maceratum
627 521 820 594 cruciatumque
837 521 942 576 demum
958 521 1136 576 succubuisse
1171 521 1246 586 Quod
1262 521 1286 576 sl
1297 537 1366 576 anuo
1378 519 1509 576 dunhrst
1615 551 1616 594 1

346 625 452 665 coccus.
464 609 645 674 Constantius,
656 624 689 662 ex
702 623 753 678 quo
762 607 859 664 Sirmio
870 609 897 662 in
906 608 1008 662 ltaliam
1017 608 1149 680 proiectus
1161 613 1228 673 eret,
1240 607 1324 662 &ms
1335 607 1363 662 in
1374 607 1509 677 illyricum
1615 601 1616 624 ¹

344 711 462 749 reuersus
475 701 525 761 est,
544 696 582 748 uti
598 710 677 765 supra
692 694 853 764 disputatum
868 698 920 758 est,
936 701 1042 764 apparet
1052 709 1105 750 nou
1117 699 1178 748 aute
1190 707 1433 760 nonsummum,
1448 709 1508 746 eou-

344 780 412 834 ieote
428 781 481 834 iam
498 779 552 834 Osii
567 795 656 834 annua
671 779 760 834 Sirmii
776 779 947 850 relegatione,
965 779 1134 834 Sirmleneeru
1151 780 1281 850 synodum
1299 778 1365 832 obiri
1381 776 1508 848 potuisse,

345 867 387 920 cui
399 865 476 920 Osius
494 863 652 936 suffragator
669 865 813 920 accesserit.
847 865 893 919 ldis
910 864 1011 919 duabus
1028 865 1186 930 rationibus,
1205 863 1275 936 quod
1292 870 1318 918 st
1334 869 1397 934 post
1413 862 1510 916 hiberii

345 952 452 1005 exilium
465 957 491 1003 et
501 957 562 1023 post
572 967 690 1006 aunuum
701 965 829 1004 carcerem
847 949 881 1003 sd
897 950 1110 1004 consentiendum
1127 951 1232 1004 adactus
1249 949 1284 1004 sit
1295 949 1387 1014 Osius,
1404 949 1509 1002 esrum

344 1036 464 1091 adiunxit
479 1053 513 1089 ex
528 1037 640 1103 Hilario,
658 1037 703 1107 qui
720 1037 785 1090 libro
802 1035 833 1088 ds
850 1034 963 1106 Synodls
978 1036 1146 1090 Sirmieusem
1162 1023 1278 1090 affirmat
1291 1040 1353 1105 post
1366 1035 1509 1088 niensium

344 1137 401 1176 esse
419 1122 588 1186 celebratam,
605 1138 639 1175 ex
657 1138 709 1192 quo
721 1121 862 1176 Saturnino
872 1121 1019 1176 Arelatensi
1035 1123 1157 1192 episcopo
1168 1121 1265 1176 Arieuo
1282 1137 1300 1172 a
1316 1118 1455 1174 mitoneis
1472 1123 1511 1172 est

343 1213 440 1278 uegeta
457 1207 613 1261 commuuio.
646 1207 785 1260 Manifesta
801 1223 862 1260 asro
880 1205 1013 1261 Saturnini
1030 1205 1138 1260 deiectio
1156 1211 1212 1260 tum
1231 1205 1355 1276 contigit,
1378 1221 1442 1258 mm
1465 1219 1510 1258 sn·

342 1299 460 1364 pugnato
472 1293 624 1362 Magnentio
636 1291 805 1346 Constantius
816 1292 948 1346 Arelatem
959 1307 1017 1346 sese
1028 1291 1145 1348 eontulit.
1180 1291 1288 1346 Sonent
1299 1297 1389 1344 eutem
1400 1305 1435 1343 ex
1448 1289 1510 1343 Am·

342 1378 430 1432 snieno
441 1377 485 1431 lib.
495 1396 560 1432 xxn.
573 1377 725 1432 Constantio
740 1377 847 1432 nonnisi
862 1393 931 1432 anno
944 1376 1038 1432 Christi
1050 1390 1160 1432 coenus
1175 1393 1204 1430 se
1216 1395 1251 1434 ιι.
1263 1382 1290 1430 et
1302 1375 1379 1430 Gallo
1391 1393 1422 1430 ιι.
1439 1391 1508 1432 coss.

343 1464 475 1518 Arelatem
495 1464 598 1516 rennes
613 1463 763 1533 ibidemque
780 1463 894 1517 netelem
911 1479 988 1517 suum
999 1481 1034 1518 vr.
1048 1463 1084 1516 ld.
1096 1462 1153 1517 Oct.
1171 1462 1323 1516 celebrasse.
1358 1459 1436 1514 Unde
1453 1477 1510 1532 per·

343 1549 463 1620 spiouum
479 1555 519 1602 est
536 1563 604 1602 anno
617 1548 722 1602 demum
734 1563 851 1604 esocen.
866 1547 977 1602 triennio
993 1548 1046 1602 lem
1061 1547 1182 1602 absoluto
1195 1545 1363 1602 Sirmiensem
1375 1545 1510 1616 synodum

342 1641 476 1707 peractam
487 1634 577 1689 inisse.
603 1632 675 1698 Quae
688 1633 791 1704 quidem
804 1634 891 1688 omniu
903 1634 940 1687 sio
951 1634 979 1688 iu
991 1633 1136 1688 Annalibus
1148 1633 1306 1703 digeruntur.
1615 1681 1616 1688 ,

410 1721 485 1794 Auno
498 1735 608 1774 coossn.
622 1718 774 1773 Constantio
786 1736 821 1772 er.
838 1724 864 1772 st
881 1717 957 1772 Gallo
968 1737 996 1775 m
1014 1734 1081 1772 coss.
1092 1719 1160 1772 uicto
1172 1719 1324 1789 Magnentio
1337 1717 1508 1772 coutentium
1615 1735 1616 1761 ι

341 1807 370 1859 iu
383 1804 481 1860 Gellius
496 1804 629 1875 proiectus
644 1805 748 1858 Arelate
763 1803 876 1858 hiemem
891 1804 1014 1858 tredurlt
1048 1803 1099 1858 Ubi
1116 1804 1225 1858 concilio
1240 1803 1399 1858 Asianorum
1416 1809 1509 1857 coactu

342 1890 479 1945 damnatur
491 1887 661 1955 Athanasius,
673 1889 795 1944 Paulinus
807 1889 973 1944 Treuerensis
984 1905 1037 1944 uns
1048 1903 1108 1942 oum
1120 1889 1220 1958 aliquot
1231 1887 1364 1942 catholicis
1376 1887 1509 1960 episeopis

342 1976 421 2030 exilio
433 1976 546 2030 multati.

409 2062 484 2114 Auno
503 2075 609 2116 occure.
627 2059 779 2114 Constantio
794 2077 840 2117 ιιι.
858 2065 884 2114 st
901 2060 976 2114 Gallo
995 2077 1033 2115 ιιι.
1051 2075 1117 2115 ecee.
1136 2059 1227 2115 (lellus
1244 2057 1341 2113 Oeam
1358 2057 1508 2112 Constanti

340 2147 412 2201 iussu
424 2153 539 2201 necetur.
561 2145 719 2200 Athanasius
730 2145 903 2202 Alexandriae
914 2152 1032 2202 uexatur.

408 2233 483 2285 Anno
496 2245 590 2286 cocus.
606 2231 745 2285 Arbetione
762 2233 788 2286 et
802 2231 919 2286 Lolliam
937 2247 1004 2286 coss.
1019 2230 1212 2288 Mediolanense
1229 2231 1368 2286 ccudhum
1385 2229 1509 2284 indicitur

339 2333 369 2373 uc
382 2318 526 2372 celebratur
538 2318 565 2371 iu
576 2333 672 2370 caussa
682 2315 832 2382 Athenai,
843 2323 979 2388 praesente
991 2318 1152 2372 Consmutio.
1187 2317 1238 2382 Qui
1248 2315 1393 2370 catholicos
1405 2331 1437 2369 eo
1449 2331 1508 2370 sen·

339 2404 470 2458 ctissimos
489 2402 624 2473 episcopos
645 2402 715 2456 illius
733 2401 894 2456 damnationi
910 2401 1074 2456 subscribere
1090 2409 1239 2458 recusantes
1255 2401 1284 2456 in
1300 2402 1414 2456 exilium
1430 2401 1508 2464 eiicit,

339 2489 462 2542 nimirum
472 2488 661 2542 vercellensem
672 2486 828 2554 Eusebium,
845 2487 1000 2557 Dionysium
1016 2487 1251 2552 Mediolanensem,
1268 2502 1298 2540 ee
1313 2493 1450 2558 postremo
1467 2485 1508 2540 Li·

340 2575 441 2628 herium
457 2589 565 2644 papam,
584 2579 661 2642 quem
672 2573 756 2626 Rome
766 2570 944 2626 Mediolanum
961 2573 1095 2629 senuerat.
1128 2571 1183 2628 Sub
1200 2572 1264 2626 haec
1276 2571 1354 2626 Osius
1366 2589 1403 2626 ex
1414 2572 1508 2644 llisps·

339 2659 390 2713 niis
402 2659 541 2712 meersitus
552 2657 699 2728 frustraque
710 2657 854 2711 solicitatue
865 2658 893 2712 iu
904 2658 1016 2729 petriam
1026 2659 1109 2714 rediit

406 2745 483 2798 Anno
493 2759 599 2798 cousus.
613 2742 765 2798 Constantio
775 2761 831 2798 ιιιι
843 2749 869 2798 et
877 2741 977 2798 lulieuo
989 2761 1057 2799 coes.
1065 2743 1223 2799 Athanasius
1231 2743 1344 2814 Syrisuo
1353 2743 1422 2798 duce
1434 2759 1508 2814 gres

339 2834 414 2884 sente
431 2828 587 2882 Alexandria
609 2828 700 2900 pulsus
721 2828 796 2900 eique
817 2828 973 2884 substitutus
992 2829 1129 2900 Georgius.
1164 2829 1332 2884 Constantius
1353 2828 1507 2884 Mediolano
1615 2857 1616 2908 q

338 2915 449 2968 Romm
461 2914 579 2984 peruenit
589 2915 663 2968 tertio
674 2913 732 2968 Ksl.
743 2915 835 2971 Maias.
869 2913 910 2968 lhi
921 2917 1073 2970 emstronis
1085 2915 1262 2986 interpellatus
1274 2913 1410 2968 Liberium
1421 2913 1507 2969 edicto

338 3005 451 3054 revocet
468 2999 601 3054 Eudorius
613 2997 792 3053 Germaniciae
801 2999 937 3071 episcopua
949 2999 1038 3054 audite
1045 2999 1147 3055 Leontii
1157 3007 1240 3054 morte
1249 2999 1334 3054 Βοιιι
1339 2999 1506 3054 Antiochiam

338 3086 463 3140 advolans
474 3084 562 3140 sedem
575 3092 692 3156 oooupet.
717 3084 883 3140 Constantius
900 3105 935 3142 su.
948 3085 1005 3140 Kal.
1018 3085 1074 3140 lun.
1090 3087 1155 3140 urbe
1171 3085 1317 3157 digrediens
1331 3087 1360 3140 in
1370 3086 1506 3156 Illyricum
1615 3083 1616 3088 ’

338 3171 452 3225 testium.

406 3256 482 3310 Anno
495 3270 610 3312 cccnvn.
624 3255 775 3310 Constantio
789 3273 824 3311 ιι.
838 3262 864 3310 et
873 3255 974 3311 Iuliano
986 3275 1015 3312 u.
1029 3273 1097 3312 coes.
1109 3256 1250 3312 Sirmiense
1261 3257 1405 3312 concilium
1417 3273 1504 3313 coram
1615 3295 1616 3308 ,

339 3341 491 3396 Constantio
504 3341 671 3396 celebratum.
689 3343 719 3394 ln
732 3358 783 3412 quo
795 3327 908 3413 primum
920 3342 1058 3397 damnatus
1069 3341 1195 3397 Photinus
1207 3348 1233 3396 et
1245 3359 1261 3396 a
1272 3341 1372 3397 Basilio
1384 3344 1505 3414 Aneyns

338 3428 459 3498 episcopo
472 3426 629 3482 contutatus.
653 3426 720 3481 Tum
731 3427 793 3480 tidei
803 3427 930 3481 formulae
941 3433 993 3482 tres
1005 3429 1173 3499 conscriptas.
1196 3427 1284 3482 Prima
1296 3433 1404 3483 auctore
1415 3431 1504 3484 Marco

337 3510 474 3566 Arethusio
488 3511 595 3567 Grecos.
631 3511 661 3566 ln
674 3527 725 3582 qus
736 3511 852 3566 damnati
863 3513 931 3568 inter
942 3519 1054 3579 emtore,
1071 3513 1117 3585 qui
1128 3530 1161 3566 sx
1174 3513 1225 3566 elia
1236 3513 1400 3579 substantie,
1413 3522 1441 3568 et
1451 3531 1504 3570 uon

337 3614 370 3651 er
382 3597 429 3651 deo
441 3596 525 3650 lilium
537 3598 654 3651 extitisse
666 3597 786 3652 dicerent
807 3598 891 3652 Habet
901 3597 967 3653 hano
979 3598 1138 3652 Athanasius
1149 3599 1193 3653 lib.
1206 3597 1237 3651 de
1249 3597 1376 3668 suendis,
1388 3599 1503 3654 Milesius

336 3683 381 3738 lib.
395 3683 426 3736 dc
435 3681 547 3752 Synodis
560 3688 585 3736 et
596 3681 724 3736 Socrates.
743 3683 963 3738 Seouudehatine
974 3684 1087 3754 primum
1099 3684 1167 3738 edite
1183 3689 1209 3736 et
1223 3682 1320 3738 Graece
1334 3685 1503 3755 poennodum

338 3785 464 3822 conversa
474 3768 543 3839 apud
555 3766 649 3821 Athen.
661 3773 687 3821 et
698 3767 832 3822 Socratem
844 3774 924 3824 extat
959 3768 1032 3834 Ques
1043 3772 1085 3836 τῆς
1097 3768 1180 3831 οὐσίας
1193 3774 1219 3822 et
1230 3765 1378 3840 dpoooolou,
1391 3787 1441 3824 neo
1451 3787 1502 3824 son

339 3851 480 3922 iposooeioo
492 3853 618 3907 uocabula
631 3855 828 3909 commemorari
839 3856 933 3920 uetuit,
949 3861 1050 3925 panem
1062 3870 1122 3908 roro
1139 3853 1265 3908 maiorem
1278 3870 1336 3908 esse
1346 3854 1405 3910 tilio
1418 3855 1502 3910 decre

337 3940 382 3994 rit.
406 3939 478 3992 Seno
493 3938 555 3992 fidei
569 3939 759 4010 protessionem
769 3939 803 3992 eb
815 3939 877 3993 Osio
894 3945 920 3994 et
930 3939 1072 3994 Polemone
1089 3939 1259 4010 conscriptam
1275 3939 1362 4010 prodit
1379 3941 1501 3995 Hilarius.

337 4023 378 4078 Ex
390 4040 442 4095 quo
454 4023 529 4076 iaoile
541 4025 672 4095 colligitur
683 4023 749 4078 hano
762 4041 819 4078 esse
831 4024 892 4079 fidei
906 4021 1005 4093 ἔκθεσιν,
1022 4025 1095 4079 ouius
1111 4025 1262 4096 approbatio
1274 4025 1301 4078 ri
1316 4041 1348 4079 eo
1364 4027 1501 4080 tormentis

337 4110 371 4163 ab
381 4108 442 4163 0sio
455 4115 495 4162 est
506 4125 636 4180 expresse
655 4110 706 4164 Sed
717 4109 771 4164 Osii
780 4111 883 4182 lapsum
892 4111 1071 4181 compensarit
1079 4109 1298 4164 semiarianorum
1309 4111 1501 4182 propemodum

336 4279 494 4334 Sirmienam
506 4281 639 4351 perfidiam
651 4280 796 4335 orientales
807 4280 918 4352 professi
929 4286 991 4334 sunt
1000 4279 1083 4334 filium
1096 4297 1143 4352 per
1159 4281 1258 4347 omnis,
1274 4281 1393 4353 adeoque
1410 4299 1499 4337 secun

336 4365 397 4420 dum
409 4366 594 4430 substantiam,
612 4383 670 4419 esse
681 4368 749 4438 petri
760 4365 880 4420 similem.
912 4367 996 4430 Quam
1006 4367 1194 4438 professionem
1204 4365 1278 4420 uelde
1289 4368 1498 4422 commendatam

336 4467 367 4504 sc
378 4452 447 4505 notis
459 4451 614 4506 illustratam
625 4453 653 4504 iu
666 4451 765 4506 Gallias
777 4451 848 4504 misit
858 4451 978 4506 Hlarius.
999 4453 1034 4505 At
1045 4451 1156 4506 Basilius
1168 4469 1228 4506 cum
1239 4451 1411 4509 Semlarinnis
1423 4454 1498 4508 sociis

336 4534 461 4590 Sirmium
477 4553 597 4590 reversus
615 4542 641 4589 et
658 4553 717 4590 oum
729 4538 849 4602 Valente,
868 4535 973 4592 Urseoio
991 4538 1150 4608 eaeterisque
1166 4537 1297 4608 germanis
1312 4535 1420 4592 Arianis
1440 4557 1497 4591 enn-

336 4637 441 4691 gressus
453 4625 501 4675 est
518 4619 728 4684 unicalamum
740 4622 807 4677 inter
817 4637 846 4678 se
856 4621 1008 4678 Gomtautio
1020 4623 1151 4678 annitente
1163 4624 1340 4690 consentiunt,
1352 4631 1385 4692 ut
1395 4623 1495 4676 sublato

336 4193 492 4248 catholicum
500 4195 632 4249 decretum
642 4196 669 4248 iu
680 4196 818 4266 Ancyram
828 4196 942 4266 synodo,
953 4197 995 4248 oui
1007 4195 1120 4250 Basilius
1131 4195 1250 4267 praefuit
1266 4195 1297 4250 In
1308 4213 1361 4267 quo
1374 4197 1500 4252 adsersus

1615 5013 1616 5052 ι

1615 5073 1616 5119 l
