3200 5158
1176 393 1269 453 (iIsXV

101 541 148 594 ssd
158 551 186 594 st
196 544 356 598 consdsrset
361 543 473 612 passio.
507 543 548 600 dd
559 543 622 598 baso
632 559 688 615 esp.
698 561 767 610 ux..
781 545 821 600 14.
838 555 897 598 erar
906 555 989 601 osten
996 548 1269 618 peraccessimus

101 625 168 680 tera
180 629 259 695 peuri
268 637 348 684 sesto
383 627 491 684 Caetera
502 629 543 684 sel
554 629 704 686 testimonis
714 629 756 684 sel
766 635 922 701 argumenta
936 637 1079 703 praetereo.
1115 632 1183 690 Sunt
1198 635 1268 690 enirn

100 711 150 764 ists
160 713 313 784 praecipua

165 795 842 871 Iumintsntoopinionumsutoritatumqneoonfliotu
851 803 877 856 in
887 819 917 856 eo
927 803 1092 872 potissimum
1101 805 1267 874 acquiescen-

99 880 161 938 dum
178 882 289 948 indioio,
305 885 374 954 quod
390 884 422 940 iis
437 885 592 940 testimoniis
608 886 766 956 approbatur
783 903 850 956 quse
867 888 894 940 iu
911 888 1021 942 alteram
1032 887 1100 942 trabi
1111 891 1267 944 sententium

99 974 247 1038 nequeant,
263 975 447 1036 corocasius,
464 987 530 1040 qnae
544 972 673 1028 enumeris
684 971 811 1036 videntur,
827 973 959 1028 eeneiiuri
971 974 1146 1044 explicarique
1157 977 1266 1045 possint.

98 1053 132 1106 st
142 1054 276 1111 eiusmodi
287 1059 328 1110 set
337 1056 465 1126 posterior
475 1055 532 1120 iiis.
548 1072 628 1127 quam
638 1055 797 1128 Epiphanius
809 1063 915 1112 secutus
932 1064 985 1122 eet,
1002 1059 1142 1124 sententis,
1160 1061 1201 1114 oni
1213 1078 1266 1116 non

97 1139 188 1208 pusi,
207 1139 339 1210 iidemque
355 1140 493 1196 autoritate
510 1146 536 1196 et
552 1141 697 1198 eruditione
713 1142 843 1214 principes
854 1142 992 1214 suffragati
1008 1150 1080 1208 suut,
1098 1146 1267 1216 maximeque

97 1223 196 1282 Paulus
208 1223 365 1296 Burgeusis,
376 1225 471 1282 Paulus
482 1225 751 1299 forosemproniensis
763 1229 914 1299 episcopus,
931 1229 1042 1284 Ioannes
1053 1229 1179 1294 Lucidns‚
1197 1229 1266 1284 Onn-

97 1309 177 1376 irius,
196 1311 346 1375 lmnnius,
360 1311 526 1368 disidouatus
537 1317 625 1368 noster
636 1317 663 1366 et
674 1313 726 1370 alii.
762 1313 917 1384 Quanquam
929 1320 955 1368 et
965 1315 997 1380 ii,
1014 1321 1040 1368 et
1052 1331 1143 1368 omnes
1154 1316 1209 1368 iere
1221 1316 1266 1386 qui

98 1393 227 1452 bsotsm
239 1395 307 1452 bano
323 1397 471 1468 opinionem
487 1397 603 1468 amplexi
619 1403 693 1462 sunt,
709 1397 742 1452 ad
754 1400 888 1469 vulgatam
899 1399 971 1454 iilam
981 1400 1108 1454 festorum
1119 1401 1265 1456 translatio·

97 1495 157 1536 nem
169 1487 198 1536 st
209 1481 332 1536 terim
348 1482 477 1538 dolentum
494 1482 633 1554 onningers
650 1483 748 1548 solent,
766 1484 967 1555 existimatque
984 1485 1097 1556 primurn
1115 1501 1265 1554 azymorum

98 1565 165 1620 diem
177 1581 315 1638 nunqnam
327 1583 343 1620 s
353 1567 455 1622 Iudaeis
465 1567 531 1622 ieris
541 1586 577 1622 su
589 1569 755 1624 celebratum.
773 1569 871 1624 Verum
882 1569 998 1624 nondum
1010 1571 1080 1624 istud
1093 1569 1187 1624 Gbristi
1200 1577 1264 1626 tem-

97 1667 159 1721 pore
169 1652 344 1706 consitutum
359 1653 452 1718 muse,
469 1653 563 1709 donent
578 1653 684 1724 ipsimet
699 1654 817 1710 Hebraei.
851 1654 889 1710 Δο
902 1655 1019 1724 proiecto
1031 1655 1054 1708 si
1064 1655 1264 1710 rsiioienderuna

98 1737 360 1809 nsiseendsrnmqus
367 1738 492 1794 ferierunt
503 1737 632 1792 ordinaria
640 1739 732 1794 fuisset
743 1739 788 1792 illa
798 1739 863 1798 ratio
875 1745 954 1809 atque
966 1741 999 1792 eb
1012 1740 1139 1794 universis
1152 1747 1263 1811 recepte,

97 1837 181 1892 uque
195 1821 314 1878 Obriatns
326 1823 457 1890 dominns,
475 1840 523 1878 neo
539 1823 585 1878 ulli
596 1824 702 1879 omnino
714 1823 803 1878 Iudaei
814 1825 965 1878 neomenias
976 1824 1109 1894 festosque
1122 1825 1176 1878 dies
1189 1827 1264 1880 aliter

97 1923 175 1978 qaam
188 1925 223 1962 ex
235 1909 303 1978 legis
313 1909 387 1963 istius
398 1909 559 1980 praesoripto
571 1910 752 1964 celebrassent
786 1909 844 1962 Non
860 1910 930 1964 enim
946 1925 1071 1980 praeceps
1088 1927 1137 1964 neo
1152 1911 1264 1981 obrupta

97 1991 282 2048 initiationum
292 1995 338 2049 iiie
349 1995 471 2060 mutatio,
483 1993 529 2048 sed
540 1995 593 2048 iam
604 1999 660 2048 tum
672 1995 698 2048 in
710 1995 766 2064 ipso
778 1995 840 2048 anni
852 1994 936 2064 capite
948 1994 1076 2065 provideri
1088 2010 1118 2046 ee
1130 1995 1263 2064 designari

96 2086 277 2135 eousnererat
299 2079 376 2134 Velut
386 2097 454 2136 anno
466 2079 595 2152 passionis
607 2079 705 2134 iactum
717 2095 773 2132 esse
785 2095 817 2134 ex
831 2079 952 2148 opinione
965 2079 1092 2148 scaligeri
1103 2096 1183 2150 supra
1195 2081 1261 2134 dixi·

97 2180 168 2230 meur
180 2165 208 2220 in
221 2181 273 2236 quo
285 2181 346 2220 oum
357 2165 425 2220 Tisri
436 2182 452 2220 a
463 2165 528 2220 ieris
540 2183 575 2222 rr.
587 2165 614 2220 in
627 2183 651 2218 r.
663 2165 821 2228 transiisset,
838 2179 1000 2234 consequens
1012 2164 1063 2218 init
1074 2171 1104 2218 ut
1115 2171 1140 2218 et
1151 2165 1233 2218 Nisan
1246 2183 1261 2218 a

97 2265 130 2304 rr.
143 2257 351 2309 summoveretur
363 2251 389 2306 in
402 2268 447 2310 vu.
463 2249 519 2306 Hoo
529 2251 610 2320 igitur
620 2251 644 2304 si
655 2249 761 2319 vulgare
773 2265 804 2302 ao
816 2256 968 2319 perpetuum
981 2255 1062 2314 esset,
1074 2267 1150 2304 nemo
1163 2268 1180 2302 e
1191 2268 1260 2306 com·

96 2335 169 2390 muni
180 2335 368 2392 eoasoetudins
380 2335 517 2392 resederet
538 2335 664 2400 Quooiros
675 2334 907 2390 extraordinariam
918 2335 1050 2405 quandam
1062 2339 1088 2388 et
1099 2335 1260 2405 singularem

96 2421 318 2490 perturbationem
330 2423 448 2478 extitisse
459 2421 597 2476 verisimile
608 2427 659 2484 est,
677 2435 742 2490 quae
760 2436 790 2472 eo
807 2419 936 2472 duntaxat
952 2436 1041 2474 mense
1059 2421 1260 2492 contigeritque

97 2503 215 2560 Christus
227 2524 321 2578 passus
333 2513 384 2574 eet;
401 2507 465 2562 adeo
481 2512 510 2562 ut
521 2523 574 2562 non
585 2507 640 2577 ipse
651 2505 737 2560 solnm
748 2521 809 2560 oum
821 2505 959 2578 apostolis,
977 2505 1022 2560 sed
1037 2511 1063 2558 et
1074 2506 1119 2559 alii
1130 2506 1232 2560 diverso
1245 2523 1261 2560 a

96 2593 205 2648 oastsris
217 2593 259 2647 die
270 2594 430 2648 oeiebrsrint
457 2592 525 2648 Nam
536 2599 563 2647 st
571 2591 636 2649 iilud
646 2589 785 2662 Epipbsnii
797 2591 875 2646 serbe
887 2591 945 2662 ipsa
956 2591 1100 2656 donarant,
1116 2608 1175 2644 eum
1189 2591 1260 2662 θόρυ-

97 2675 139 2744 βον
150 2695 181 2732 ae
193 2679 382 2734 dissensionem
393 2679 420 2732 iu
432 2677 551 2734 obeunda
562 2676 709 2734 oeisbritste
721 2677 843 2732 incidisse
855 2677 1014 2747 significant.

161 2765 238 2820 Hune
248 2765 277 2819 in
289 2764 394 2818 modum
406 2764 537 2834 explicate
548 2762 649 2818 euobis
662 2777 692 2818 se
705 2762 813 2818 deisuss
823 2762 968 2816 communie
979 2762 1025 2816 iila
1035 2763 1166 2816 sententia
1177 2764 1259 2818 multo

97 2863 173 2918 quarn
185 2851 269 2906 altera
278 2849 436 2921 probebiiior
447 2848 511 2902 mibi
520 2847 625 2913 ridetur,
637 2863 698 2904 oum
709 2852 763 2904 tam
775 2847 871 2902 diserta
882 2863 1059 2918 expressaque
1069 2846 1175 2900 Ioannis
1188 2849 1258 2900 testi·
1285 2877 1306 2916 ρ,
1317 2867 1360 2906 15⁸.

96 2935 261 3001 munierint,
276 2935 350 2990 nulla
365 2941 393 2988 nt
408 2933 533 2990 numne
545 2933 630 3008 possit
640 2932 752 2988 eludere.
786 2931 861 2996 Quod
876 2933 947 2986 enim
958 2933 1027 2986 diem
1038 2932 1134 2986 iustum
1145 2930 1258 3002 pasohue

96 3036 140 3089 pro
156 3021 228 3076 eisili
244 3021 301 3091 ipso
319 3019 360 3074 die
376 3035 407 3072 se
423 3023 467 3072 ret
485 3017 637 3089 νυχθημίρου
654 3018 791 3088 posteriori
806 3023 880 3088 parte
896 3018 965 3070 sumi
981 3016 1087 3086 quidem
1098 3017 1259 3082 existiment,

97 3119 160 3176 queo
171 3123 189 3160 s
200 3106 318 3177 ”quenti
330 3109 387 3160 ortu
398 3105 463 3160 solis
473 3104 611 3174 inciperet,
626 3102 653 3156 id
665 3103 709 3156 alii
719 3103 812 3158 merito
825 3101 969 3172 repudient.
1003 3101 1094 3172 Neque
1106 3102 1176 3156 enirn
1189 3119 1259 3156 oom-

96 3191 187 3246 modus
195 3191 238 3245 hie
247 3207 338 3246 nosos
346 3189 458 3244 videtur:
472 3190 635 3258 Antsseetum
640 3187 780 3258 pueciutr'a
788 3187 904 3240 Cis-istus
909 3187 1013 3256 pneobu
1023 3187 1174 3250 celebs-auin
1188 3189 1258 3258 quod

96 3291 128 3329 sx
139 3277 190 3332 ists
200 3277 369 3348 responsione
379 3274 503 3346 sequitur.
526 3273 633 3328 Falsum
644 3279 671 3326 st
681 3273 745 3328 iliud
757 3271 877 3342 estquod
890 3271 921 3326 de
933 3271 1048 3326 secundo
1065 3271 1170 3326 Ioannis
1186 3274 1257 3328 testi·

96 3363 181 3418 monio
193 3363 298 3416 dieitur:
310 3361 472 3414 Mundueare
481 3361 595 3429 peseto,
613 3358 644 3412 de
662 3375 827 3430 quonamque
838 3358 1003 3412 victimirum
1021 3359 1142 3428 usurpari
1153 3374 1256 3428 genere,

95 3463 159 3516 quse
169 3465 216 3520 per
226 3452 347 3517 septenos
354 3445 408 3500 diss
417 3446 593 3500 immolentur.
610 3443 685 3508 Quod
693 3461 728 3500 sx
737 3443 943 3509 Deuteronnvs,
951 3443 976 3497 2.
986 3443 1138 3500 etParel.1r.
1149 3459 1205 3514 cap.
1213 3443 1255 3498 30.

96 3547 123 3584 se
134 3531 174 3588 35.
187 3533 353 3603 comprobare
365 3531 464 3585 nititur.
488 3529 580 3584 Nullus
593 3536 634 3584 est
644 3530 715 3584 enim
726 3531 868 3601 scripturae
879 3529 965 3593 iocus,
981 3529 1026 3582 ubi
1040 3528 1184 3600 paschatis,
1201 3529 1256 3582 sive

93 3615 172 3672 Phase
184 3617 309 3673 voosbuio
324 3615 478 3670 bolooeusts
489 3632 519 3670 se
531 3615 659 3672 esorifiois
675 3621 778 3670 caetera
792 3613 980 3686 significentur,
997 3619 1027 3668 nt
1043 3615 1077 3669 sit
1093 3615 1161 3668 idem
1177 3615 1256 3666 sacri-

95 3701 167 3758 brars
178 3704 220 3758 sel
234 3701 390 3756 manducare
405 3701 503 3769 Pisaeo,
521 3702 589 3774 quod
607 3718 652 3755 eas
668 3701 804 3756 immoisre
821 3716 853 3754 so
868 3700 1026 3754 mendnoure
1037 3700 1170 3765 victimas,
1188 3715 1255 3770 quae

94 3803 136 3856 pm
146 3795 267 3860 septenos
279 3803 430 3858 asymurtnu
442 3787 497 3840 dies
509 3788 536 3842 in
548 3788 645 3857 templo
659 3787 847 3842 metiebantur.
883 3786 920 3840 do
937 3785 1133 3840 Deuteronomii
1150 3785 1255 3856 quidem

95 3872 161 3928 iocus
179 3876 217 3928 ita
233 3873 417 3944 coneipiendus
434 3877 486 3927 est:
515 3873 708 3943 Insssoiebs'sque
725 3871 811 3926 Pisae
827 3873 926 3924 domiuo
941 3873 986 3924 deo
1003 3880 1043 3924 tuo
1060 3889 1117 3924 oues
1133 3881 1157 3924 er
1172 3871 1253 3925 boenes.

94 3975 151 4014 uxr.
170 3959 216 4012 {isi
234 3958 311 4019 bissus
327 3957 356 4010 rb
373 3955 460 4029 πάσχα
477 3957 554 4028 anpisp
571 3961 609 4028 τῷ
626 3959 675 4028 θεῷ
691 3965 741 4011 σου·
754 3957 868 4028 πρόβατα
885 3956 924 4008 καὶ
943 3956 1010 4025 βόας.
1045 3956 1121 4009 Iubet
1131 3955 1255 4010 nimirum

95 4051 189 4112 praeter
200 4042 298 4116 poneba
308 4044 388 4098 etiam
399 4044 464 4098 alias
479 4043 610 4098 immolari
620 4043 753 4108 riotimss;
768 4060 822 4096 non
840 4047 929 4096 sutem
944 4057 989 4096 ess
1005 4041 1124 4094 victimas
1141 4041 1255 4112 appellat

93 4125 180 4186 Phua.
214 4129 272 4182 lxm
287 4129 365 4195 illud,
383 4128 454 4200 quod
471 4145 499 4182 rr.
511 4127 595 4183 Psrsl.
613 4143 670 4199 osp.
682 4127 723 4182 35.
739 4128 865 4198 seriptum
880 4127 1026 4191 affirmant,
1041 4127 1108 4194 quod
1118 4143 1156 4178 vn
1168 4127 1254 4180 diebus

96 4215 214 4280 eseam
224 4215 322 4278 Pione,
341 4224 366 4268 et
375 4214 551 4268 comedebatur
562 4213 659 4276 Piuse,
677 4211 745 4268 unde
757 4212 905 4283 seoepsrint
915 4211 1012 4265 neseio.
1036 4209 1173 4280 Nusquam
1184 4212 1256 4265 enim

95 4295 228 4371 idlepitur.
246 4299 411 4370 Quiupotins
419 4297 677 4370 pmehaoseterisab
686 4297 819 4352 sacrifieiis
829 4296 967 4352 maiiesto
976 4295 1136 4361 discernitur,
1148 4295 1251 4367 capto.

95 4385 259 4450 eom15.,et
270 4383 379 4457 ospes.
391 4399 457 4438 eom.
468 4383 508 4438 16.
520 4383 599 4440 etii.
975 4443 979 4454 ‚

156 4470 288 4526 Postremo
300 4485 467 4541 perseeesem
478 4467 591 4542 puobse
602 4469 718 4524 inaudite
729 4467 842 4539 quedem
853 4467 977 4538 loquendi
988 4467 1088 4520 ratione
1099 4467 1197 4520 distem
1208 4484 1252 4521 so·

95 4551 148 4606 lust
157 4571 324 4627 pnassoerem
335 4555 451 4620 sabboti,
463 4571 530 4624 quas
539 4554 630 4610 adem
638 4559 664 4608 et
673 4553 783 4626 pssobs,
795 4553 849 4608 sire
859 4553 1005 4624 primadies
1013 4569 1163 4622 azymorum
1173 4557 1250 4606 esset.

96 4633 179 4712 seque
193 4642 264 4696 enim
279 4639 413 4714 petebatis
428 4641 508 4696 ullam
525 4655 693 4714 pssssoenm
706 4639 788 4698 inisse
804 4643 925 4706 oeusent;
942 4639 1064 4710 quonism
1082 4639 1155 4694 nulia
1169 4638 1251 4712 pridie
