3252 5158
325 345 485 402 cunm

323 501 497 573 poenitentiae
508 503 667 572 provinciam
677 503 748 558 uelut
758 505 890 575 propriam
901 521 931 558 ac
943 505 1102 574 peculiarem
1116 504 1279 574 sumpsisset
1295 502 1380 568 Nihil,
1389 504 1495 574 opium,

323 585 373 640 bac
384 592 473 640 nostra
485 589 632 642 coniectura
647 588 713 658 tingi
730 589 890 660 probabilius
906 595 1001 660 potest.
1035 589 1111 642 Nunc
1127 593 1158 641 ut
1171 587 1310 660 Epiphenli
1319 594 1494 659 ceteramque

324 673 355 726 de
371 672 453 726 tribus
469 671 635 742 paschatibus
652 675 740 744 opinio
756 675 842 744 magis
858 676 1010 741 illustretur,
1029 675 1135 728 brevem
1151 675 1317 744 evangelicae
1333 675 1495 730 narratoris

324 759 417 814 seriem
429 757 462 812 ad
473 759 578 812 illorum
589 760 725 814 interualla
736 760 854 831 dirigam.

323 961 411 1018 EVAN
416 963 635 1018 GELISTARUM
648 963 818 1018 seculuro
834 963 878 1018 AD
893 962 1062 1018 crunnum
1076 963 1295 1020 SENTENTIAM
1308 963 1353 1019 uli
1365 961 1493 1019 ramus

634 1049 865 1105 PASCHATIBUS
883 1049 1175 1106 ACCOMMODATUR.

389 1187 452 1242 Post
463 1187 622 1258 baptismum
634 1194 660 1241 et
670 1205 705 1241 ιι.
718 1188 819 1242 diorum
833 1187 960 1242 ieiunium
976 1189 1186 1258 eccontigerunt
1196 1203 1264 1258 queo
1275 1186 1366 1242 loanu.
1375 1207 1394 1244 ι.
1406 1188 1495 1259 capite

323 1279 460 1329 canatur
472 1272 503 1325 de
515 1274 693 1342 apostolorum
704 1275 848 1329 vocatione.
883 1273 946 1326 lnde
963 1275 1070 1343 nuptiae
1085 1273 1113 1326 in
1126 1273 1197 1327 Cana
1209 1271 1342 1328 Galilaeae
1358 1273 1450 1328 Ioann.
1463 1291 1493 1328 ιι.

323 1373 405 1429 usque
423 1359 456 1412 ed
472 1375 576 1412 comma
594 1359 632 1414 13.
651 1359 754 1428 quando
773 1357 954 1430 Capharnsum
972 1375 1033 1412 cum
1048 1359 1103 1412 suis
1120 1357 1251 1429 proiectus
1266 1365 1314 1412 est.
1358 1358 1411 1412 Ubi
1431 1375 1493 1414 cum

322 1445 412 1514 paucis
428 1442 519 1496 diebus
530 1442 658 1498 haesisset
670 1443 815 1498 Galilaeem
834 1443 910 1508 obiit,
928 1443 1015 1513 ibique
1032 1443 1190 1513 praedicarit
1205 1445 1370 1513 evangelium
1381 1445 1446 1500 Lac.
1456 1461 1491 1498 rr.

323 1545 390 1584 com.
405 1529 443 1582 14.
475 1527 648 1582 Nazaretbum
660 1531 747 1599 petiit,
760 1529 805 1584 ubi
817 1529 1004 1599 propemodum
1016 1545 1032 1580 a
1044 1529 1143 1582 civibus
1156 1529 1256 1582 occisus
1268 1536 1315 1584 est.
1351 1530 1415 1582 Post
1427 1528 1492 1584 heco

323 1615 456 1684 apostolos
469 1613 554 1668 denuo
567 1615 668 1668 vocavit
679 1615 759 1668 Marc.
769 1634 787 1679 ι,
801 1614 841 1668 16.
876 1615 1024 1684 iterumque
1041 1629 1184 1667 conscensa
1200 1615 1262 1668 nari
1272 1613 1378 1668 Petrum
1390 1631 1423 1668 cc
1433 1631 1491 1668 cae-

239 1727 244 1739 ·
281 1727 297 1740 ··
323 1705 391 1754 toros
404 1699 651 1769 adsesepertraxit.
674 1700 743 1753 Tum
755 1698 939 1770 capharnaum
948 1699 1020 1752 uenit
1031 1699 1196 1763 Marc.r,2l.
1208 1699 1270 1754 Luc.
1281 1698 1371 1764 1v,31.
1400 1698 1491 1754 Ubiis

323 1799 461 1854 synagoge
473 1785 670 1838 daemoniacum
682 1791 761 1838 curat.
797 1782 860 1837 Inde
871 1783 940 1838 Petri
951 1800 1054 1838 socrmn
1072 1801 1103 1836 ac
1114 1785 1252 1854 leprosum.
1287 1784 1413 1854 Sequitur
1425 1785 1492 1838 liat·

323 1869 392 1923 thasi
404 1870 503 1924 vocatio
515 1867 608 1924 Mattb.
617 1889 663 1935 ιι.,
675 1870 755 1922 Marc.
766 1887 804 1932 ιι,
816 1869 878 1924 Luc.
890 1888 913 1922 v.
943 1868 998 1922 Sub
1012 1867 1076 1922 heco
1088 1868 1240 1922 accolentes
1250 1869 1356 1924 ioannis
1369 1869 1492 1940 discipali

324 1971 384 2009 cum
394 1954 540 2008 Pharisaeis
552 1956 719 2026 expostulent
731 1971 791 2008 cum
803 1972 834 2007 eo
843 1953 913 2024 quod
921 1955 1004 2025 ipsius
1012 1954 1133 2024 discipuli
1142 1955 1248 2008 minime
1257 1956 1411 2010 ieiunarent
1429 1955 1492 2008 inde

323 2043 435 2112 primum
446 2040 543 2111 pascha
555 2047 614 2111 post
625 2041 785 2110 baptismum
796 2040 886 2094 loann.
895 2059 924 2096 ιι.
959 2039 1071 2094 Necesse
1087 2045 1128 2092 est
1139 2041 1209 2094 euim
1219 2041 1308 2094 multis
1321 2045 1402 2094 antas
1413 2041 1490 2096 mira-

324 2128 389 2180 culis
402 2127 476 2180 oditis
489 2143 519 2178 ao
531 2126 722 2196 praedicatione
735 2131 827 2196 coepta
839 2125 963 2180 claruisse
975 2125 1121 2190 domiuum,
1137 2131 1166 2178 ut
1181 2143 1213 2178 ex
1226 2125 1361 2180 Nicodemi
1372 2127 1492 2180 oratioue

324 2213 461 2280 colligitur.
485 2211 533 2264 Per
545 2211 649 2264 eosdem
662 2209 794 2281 paschatis
806 2211 861 2264 dies
874 2209 992 2264 Christus
1004 2212 1179 2280 negotiatores
1193 2227 1210 2264 a
1225 2212 1322 2281 templo
1338 2213 1489 2266 summovit

323 2298 417 2350 Postea
425 2313 486 2350 vero
498 2313 544 2367 per
556 2304 613 2350 sata
623 2297 726 2350 transiit
736 2295 827 2348 mich.
835 2313 890 2360 ιιι,
901 2295 1018 2359 Μιιι.ιι,
1028 2295 1079 2361 23,
1090 2296 1194 2360 Lucri,
1208 2297 1230 2350 1.
1249 2295 1402 2366 Sequuntur
1414 2303 1489 2366 gesta

323 2381 416 2438 Metili.
423 2400 469 2436 ιιι.
482 2381 514 2432 ecl
527 2381 567 2436 21.
581 2397 691 2436 comma.
708 2381 741 2434 Et
751 2382 877 2436 Marcus.
889 2397 972 2452 usque
985 2381 1017 2434 ad
1030 2381 1067 2436 13.
1079 2397 1154 2446 com,
1165 2381 1227 2434 Luc.
1233 2399 1268 2436 ιι.
1280 2381 1313 2434 ad
1327 2381 1367 2435 lt.
1378 2399 1490 2438 comma.

323 2467 443 2537 Apostoli
460 2466 582 2536 deinceps
599 2467 731 2535 eliguntur
746 2466 827 2519 Marc.
837 2485 875 2520 ur.
887 2483 904 2518 a
915 2483 1017 2520 comma
1030 2465 1069 2521 13.
1083 2466 1116 2520 ad
1131 2467 1177 2530 19,
1192 2467 1255 2520 Luc.
1264 2485 1299 2522 ιι.
1311 2483 1328 2518 ιι
1342 2466 1383 2521 lt.
1395 2467 1430 2520 ad
1444 2467 1490 2533 18.,

324 2549 415 2606 match.
424 2570 450 2606 ι.
462 2557 516 2604 toto
529 2552 621 2621 capite.
657 2551 752 2604 Postea
768 2552 864 2621 partim
876 2552 903 2604 in
915 2557 1017 2615 monte,
1035 2552 1130 2621 partim
1145 2552 1172 2604 in
1184 2552 1240 2605 loco
1253 2554 1393 2622 campestri
1403 2553 1489 2606 varios

325 2652 456 2690 sermones
469 2637 594 2701 instituio
607 2653 672 2707 quos
684 2653 782 2706 magna
793 2654 826 2690 en
839 2643 911 2707 parte
923 2637 1071 2690 Matthaeus
1084 2637 1234 2708 anticipavit
1245 2653 1340 2707 capri.
1350 2644 1377 2692 et
1388 2638 1489 2694 Lucri.

326 2722 489 2776 Centurionis
506 2721 597 2776 deinde
616 2737 719 2776 serrum
737 2739 753 2774 a
770 2723 860 2775 morbo
877 2723 1096 2797 libentissimus.
1108 2739 1125 2774 a
1138 2723 1159 2774 1.
1169 2738 1271 2776 comma
1286 2723 1318 2776 ad
1333 2723 1381 2786 10„
1396 2723 1489 2778 Most

326 2827 382 2864 ιιιι.
396 2809 447 2862 ab.
461 2807 494 2859 ad
508 2807 546 2860 10.
581 2807 650 2861 'lum
661 2806 752 2860 viduae
764 2807 848 2862 filium
866 2807 900 2860 sd
912 2807 1035 2878 oppidum
1046 2807 1124 2860 Naim
1134 2807 1197 2861 Luc.
1206 2827 1251 2862 ιιι.
1263 2823 1395 2862 scomma
1407 2809 1447 2864 12.
1458 2809 1489 2863 ad

328 2893 366 2948 18.
390 2893 459 2946 luter
475 2891 539 2945 haec
557 2893 667 2946 loannes
683 2894 780 2946 iamin
797 2908 926 2948 carcerem
942 2894 1039 2948 missus
1055 2893 1195 2964 discipulos
1205 2892 1239 2946 ad
1250 2892 1383 2948 Christum
1393 2895 1490 2966 allegat

324 2980 386 3034 Luc.
398 2999 441 3033 ιιι.
454 2993 470 3032 ι
481 2993 584 3032 comma
598 2977 636 3032 18.
650 2977 683 3030 ad
694 2977 745 3042 35„
756 2977 849 3032 Matth.
860 2997 897 3032 ιι.
931 2977 1054 3048 Sequitur
1070 2979 1221 3048 peccatricis
1237 2979 1355 3034 mulieris
1373 2980 1490 3034 officiam

326 3065 427 3118 Christo
439 3065 589 3134 praestitum
601 3063 663 3116 Luc.
672 3083 719 3118 ιιι.
733 3079 835 3118 comma
846 3063 887 3118 37.
923 3063 986 3118 lude
1001 3063 1109 3118 domum
1120 3065 1191 3118 venit
1207 3065 1287 3118 blare.
1296 3083 1335 3128 ιιι,
1348 3065 1390 3118 ‘hl
1426 3065 1491 3119 Dae-

325 3151 443 3204 monium
458 3155 560 3204 mutum
577 3150 653 3202 eiicit
676 3149 737 3204 Luc.
748 3168 783 3213 ιι,
798 3151 845 3214 14,
856 3147 949 3202 Mattb.
959 3167 1005 3213 ιιι,
1017 3149 1058 3202 22.
1081 3149 1141 3202 ldeo
1152 3147 1285 3204 Pharisaei
1301 3151 1328 3204 in
1342 3149 1491 3206 Beelaebub

324 3234 389 3290 haec
400 3235 475 3290 illum
486 3235 571 3288 iacere
583 3236 760 3290 criminantur.
785 3235 862 3288 Venit
878 3240 960 3288 mater
976 3251 1036 3288 cum
1052 3235 1178 3288 iratribus
1187 3236 1267 3288 Marc.
1276 3253 1316 3300 ιιι,
1328 3235 1380 3300 31.,
1395 3235 1488 3292 hlattb.

326 3339 372 3386 ιιι,
385 3320 426 3374 46.
450 3319 518 3374 'lum
530 3319 664 3390 egrediens
676 3320 753 3374 domo
766 3320 881 3373 edmero
893 3320 1018 3390 persenit
1042 3319 1091 3374 Ubi
1102 3321 1253 3392 parabolam
1265 3323 1389 3376 semontis
1401 3327 1430 3376 ct
1439 3322 1490 3376 alia

327 3405 454 3478 quaedam
466 3406 592 3460 edisserit
610 3407 691 3460 Marc.
701 3424 745 3470 ιι,
756 3405 848 3460 Metth.
859 3423 925 3470 nun,
936 3421 966 3458 ac
977 3405 1044 3459 torte
1056 3406 1135 3458 etiam
1147 3421 1214 3475 quae
1225 3405 1286 3460 Luo.
1296 3423 1332 3472 ιι,
1343 3405 1387 3461 33.
1397 3407 1490 3477 legun·

325 3497 375 3545 tur.
398 3491 505 3544 Interim
516 3491 635 3544 nonnulli
646 3490 679 3544 ad
692 3489 822 3544 Christum
839 3491 966 3544 accedunt
979 3507 1010 3544 ao
1026 3491 1101 3560 sequi
1116 3507 1144 3544 se
1157 3491 1221 3545 velle
1232 3491 1386 3562 profitentur
1397 3491 1489 3546 mot.

325 3595 382 3642 ιιιι,
397 3575 435 3630 18.
458 3576 521 3629 Post
536 3575 564 3630 in
580 3577 663 3629 altum
679 3581 782 3629 erectus
798 3577 939 3646 procellam
956 3575 1031 3629 sedat
1041 3576 1122 3631 Maro.
1131 3593 1166 3630 ιι.
1190 3577 1307 3630 Treiecto
1319 3577 1386 3632 freto
1397 3577 1428 3632 in
1440 3577 1488 3632 Ce-

326 3677 478 3717 rasenorum
495 3677 559 3730 agro
575 3661 772 3715 daemoniacum
783 3661 884 3715 liberat.
906 3661 999 3716 Matth.
1010 3679 1066 3716 vm.
1078 3661 1158 3716 liare.
1167 3679 1192 3716 ι.
1215 3661 1326 3716 Rediem
1339 3661 1488 3733 archisyna-

328 3749 391 3820 gogi
402 3747 484 3800 filiam
496 3751 576 3800 curat.
597 3747 664 3800 Tum
676 3747 811 3816 sanguinis
823 3745 950 3817 profluvio
962 3747 1124 3800 laborantem
1135 3747 1488 3813 Mattb.1x.‚htaro.v..hue.

327 3852 383 3888 ιιιι.
408 3831 534 3903 Egressus
550 3829 610 3884 inde
627 3832 654 3884 in
666 3832 777 3901 patriam
790 3832 853 3884 abiit
864 3833 943 3886 Mero.
953 3847 998 3896 vn,
1010 3831 1101 3886 Metth
1111 3849 1167 3886 rrn.
1189 3833 1329 3903 Apostolos
1340 3833 1418 3888 binos
1430 3850 1488 3888 oum

327 3919 488 3988 amplissima
498 3921 627 3987 potestate
638 3917 724 3970 mittit
758 3917 838 3970 Marc
847 3933 891 3982 vn,
907 3917 968 3972 Luc.
983 3935 1018 3970 ιι.
1048 3916 1155 3971 Interim
1165 3917 1279 3972 Herodes
1291 3933 1351 3972 cum
1363 3919 1448 3972 multa
1458 3918 1488 3970 de

329 4003 424 4058 Christi
434 4003 559 4074 prodigiis
571 4002 725 4072 accepisset,
742 4002 866 4055 Ioannem
878 4019 894 4054 a
905 4003 1014 4056 mortuis
1027 4003 1169 4056 excitatum
1180 4008 1267 4073 putat,
1283 4009 1309 4056 et
1322 4003 1397 4058 illum
1408 4003 1489 4058 rideri

329 4090 421 4160 gestit,
439 4093 467 4142 et
482 4089 505 4142 is
523 4104 580 4142 sese
597 4087 725 4141 subducit.
760 4085 844 4150 Quare
855 4087 905 4140 sub
916 4086 980 4141 haec
992 4093 1109 4160 tempore
1119 4088 1243 4144 loannem
1253 4087 1420 4144 interiectum
1431 4103 1487 4144 esse

213 4161 221 4182 '
328 4175 449 4229 credibile
460 4179 507 4227 est
529 4172 569 4227 ild
581 4172 689 4226 esndem
702 4171 795 4226 Christi
806 4173 897 4242 lugam
908 4173 992 4228 refero
1004 4179 1083 4244 caput
1094 4192 1128 4229 ιι.
1139 4173 1257 4238 loannis;
1275 4189 1336 4228 oum
1346 4173 1438 4228 relicta
1448 4172 1487 4226 Iu·

329 4259 393 4316 daea
408 4260 436 4314 in
449 4259 592 4314 Galilaeam
608 4259 726 4323 secessit,
748 4275 799 4328 quo
816 4260 844 4311 in
859 4259 950 4312 itinero
967 4275 1026 4312 cum
1042 4259 1206 4314 Samaritana
1220 4259 1328 4314 muliero
1345 4259 1487 4314 collocutae

329 4353 376 4401 eet.
395 4345 478 4409 Quare
487 4344 572 4398 hiatus
580 4345 674 4414 ingens
684 4343 854 4398 esthistoriae
862 4345 929 4398 inter
941 4360 1041 4414 capnr.
1054 4351 1080 4398 et
1088 4363 1122 4400 ιι.
1134 4345 1232 4409 losum,
1245 4343 1314 4415 quod
1324 4344 1419 4414 prioris
1427 4345 1487 4400 anni

329 4449 370 4486 res
382 4437 470 4502 gestas
483 4431 656 4500 evangelistae
667 4431 759 4499 reliqui
771 4429 965 4484 accuratissime
976 4430 1149 4501 scripsissent.
1169 4430 1253 4500 Caput
1263 4445 1324 4484 sero
1333 4445 1368 4484 rr.
1381 4445 1442 4484 cum
1454 4447 1486 4484 ιι.

331 4533 474 4571 connexum
488 4521 534 4569 est
557 4515 624 4569 Nam
635 4517 752 4586 postilla
763 4515 851 4569 omnia
862 4515 895 4568 ad
906 4515 1002 4568 testium
1013 4513 1145 4584 quoddam
1157 4513 1274 4568 Christus
1286 4515 1407 4581 accessit,
1419 4514 1486 4586 qaod

330 4599 479 4674 aparciate
490 4599 559 4655 hand
569 4601 648 4670 longe
660 4601 761 4666 eborei,
777 4600 901 4654 nimirum
916 4599 1034 4667 Phasim,
1052 4603 1097 4656 aut
1108 4599 1178 4654 uliud
1189 4599 1337 4670 quodpiam.
1366 4599 1485 4670 Sequitur
