3200 5158
331 363 433 422 clim
541 417 544 426 .

330 520 412 574 inisse
423 518 562 590 siguificat.
579 515 645 574 Naro
657 523 718 592 poet
728 517 848 590 eclipsin,
860 516 901 570 acl
909 515 952 584 τὴν
962 513 1135 588 ἐπιπρόσθησιν
1144 513 1176 578 εἰς
1185 516 1213 570 rb
1227 520 1269 570 τοῦ
1280 514 1351 584 iqhiuu
1363 511 1476 586 driqurpor

331 602 631 672 ἄντικατασιῆναιίιιιιιιι
642 605 747 670 asserit,
765 602 814 658 hoo
831 609 872 658 est
888 603 915 656 in
932 619 993 657 euru
1009 603 1076 658 coeli
1090 604 1178 656 locum
1193 603 1342 673 peruenisse
1356 602 1399 672 qui
1409 619 1422 656 e
1432 601 1477 654 dia

330 695 414 746 metro
425 691 508 744 solens
519 691 664 760 respiceret
683 689 734 744 Sed
747 706 781 743 ex
791 689 842 742 illis
851 688 971 757 Dionysii
982 689 1069 742 uerbis
1081 687 1145 744 nihil
1157 687 1188 741 de
1200 688 1342 758 plenilunio
1354 687 1477 756 colligitur.

332 773 366 828 Ut
376 775 446 828 euim
457 776 546 829 lunam
558 781 619 830 tune
632 771 797 847 ἂμρῑιουρτον
808 774 890 828 fuisse
902 773 1006 838 demus,
1023 789 1085 828 curu
1101 790 1133 828 ea
1148 778 1209 844 post
1224 770 1396 843 ἐκικρόσθιρσιν
1406 772 1478 842 prieri-

331 877 395 916 uum
406 860 438 914 ud
449 861 537 914 locum
548 861 733 930 regrederetur,
751 876 796 930 per
812 875 870 914 eam
882 859 947 914 coeli
958 860 1064 930 plagam
1077 875 1143 930 quae
1155 859 1205 912 soli
1216 875 1250 912 ex
1261 857 1370 912 adrerm
1381 861 1433 912 erat
1442 875 1478 927 op·

330 947 416 1017 posita
426 946 561 1000 transiisse
572 947 658 1000 solnm
670 945 772 1010 dicitur,
787 962 839 1000 uon
856 944 884 998 in
900 960 932 998 ea
948 945 1106 1000 constitisse.
1130 944 1192 998 Plus
1204 945 1274 1000 euim
1285 943 1416 998 dimidiato
1427 941 1478 996 urbs

330 1032 464 1103 percurrit
487 1030 613 1096 Quocirca
624 1029 690 1086 nihil
700 1035 740 1084 eet
752 1029 820 1100 quod
832 1028 982 1101 Epiphauii‚
998 1031 1114 1100 edeoque
1129 1030 1260 1084 communi
1272 1029 1433 1100 antiquorum
1442 1043 1479 1098 pa·

332 1123 399 1172 trum
412 1117 555 1171 sententiae
568 1115 598 1169 de
610 1133 670 1170 uero
681 1115 811 1187 passionis
824 1131 892 1169 auuu
909 1116 1044 1185 negotium
1055 1115 1176 1170 lacmsat
1210 1114 1286 1168 Nune
1303 1115 1399 1168 autoris
1413 1114 1480 1167 rerba

331 1202 485 1273 singillatim
497 1201 687 1272 expendemus,
699 1202 722 1254 si
732 1202 819 1272 prius,
831 1201 900 1272 quod
910 1201 1100 1272 propemodum
1112 1199 1257 1267 exciderat,
1269 1199 1372 1254 Onuirii
1382 1217 1414 1254 ex
1422 1198 1480 1254 Gau·

331 1289 385 1342 rico
397 1287 552 1341 sententium
565 1287 596 1340 de
606 1285 700 1340 Christi
711 1287 831 1358 pensione
842 1287 1000 1342 refellamus.
1019 1287 1066 1340 Hie
1078 1287 1147 1342 euim
1159 1303 1220 1340 cunr
1232 1303 1301 1342 auno
1314 1301 1387 1340 aerae
1397 1285 1480 1353 Diory-

332 1374 421 1428 sianae
436 1389 526 1426 xxxiv.
543 1373 615 1426 illurn
633 1372 757 1426 eccidisse
774 1373 923 1437 confirmet,
939 1372 1028 1426 Martii
1045 1390 1132 1438 mr,
1148 1371 1212 1426 luna
1228 1389 1317 1437 xum„
1342 1385 1406 1444 quae
1421 1377 1480 1424 aute·

333 1458 438 1512 cedente
450 1473 558 1528 vespere
569 1458 622 1512 ium
633 1456 755 1512 inchoata
764 1457 862 1523 fuerat,
877 1457 986 1512 ludaeos
1003 1457 1096 1512 essent
1106 1451 1272 1512 neomeniam
1283 1473 1337 1510 nou
1349 1456 1441 1510 souitu
1449 1455 1481 1507 lu·

332 1544 486 1608 ruinarium,
500 1541 545 1596 sod
558 1558 575 1596 a
586 1543 745 1598 corniculata
755 1543 844 1614 effigie
855 1543 984 1614 coepisse,
1001 1541 1049 1596 hoo
1061 1548 1102 1597 est
1112 1544 1189 1598 tertio
1201 1542 1242 1600 die
1253 1549 1315 1613 poet
1326 1541 1480 1604 novilunium

333 1629 402 1700 quod
414 1646 450 1684 rr.
464 1628 504 1681 die
515 1628 603 1682 Martii
614 1629 683 1682 circa
694 1627 757 1683 eolis
770 1643 893 1682 occasum
905 1628 1074 1682 commissum
1085 1633 1133 1684 eet.
1152 1626 1226 1682 Unde
1238 1627 1322 1684 uirilis
1334 1643 1421 1682 eorum
1430 1641 1480 1678 uso·

332 1714 420 1770 orcula
428 1711 476 1764 ἀπὸ
487 1716 528 1780 τῆς
538 1711 633 1784 φάσεως
642 1713 700 1767 iniit
708 1713 796 1768 Martii
804 1731 851 1768 xrs.
869 1714 952 1784 Igitur
961 1712 1163 1785 decimaquinta
1170 1713 1313 1768 incurritiu
1323 1709 1480 1768 xxvrdlartii.

333 1801 403 1854 Haeo
415 1798 547 1854 Onuhius.
582 1797 653 1862 Quae
665 1814 724 1854 curu
736 1815 770 1853 ex
781 1798 886 1852 ludrica
897 1797 1014 1854 dochino
1028 1797 1149 1854 hausisse
1165 1815 1194 1854 ee
1210 1797 1372 1870 profiteatur,
1386 1797 1481 1851 multon

333 1892 420 1940 tamen
432 1885 466 1938 ab
478 1901 509 1938 ea
520 1883 673 1955 discrepant.
696 1883 786 1953 Neque
798 1884 869 1938 enim
880 1885 1017 1938 neomenia
1028 1901 1089 1939 eum
1100 1880 1149 1936 dori
1161 1886 1204 1950 τῆς
1216 1882 1314 1954 φάσεως
1330 1881 1482 1936 constituere

333 1977 383 2037 tur,
399 1970 483 2024 triduo
496 1971 529 2024 ab
541 1986 601 2025 rere
613 1969 683 2023 coitu
695 1985 811 2040 uuquam
822 1969 918 2034 abfuit,
935 1969 982 2024 sed
994 1986 1046 2024 uuo
1062 1969 1096 2023 sd
1110 1985 1242 2024 summurn
1253 1969 1294 2024 die
1304 1974 1368 2040 post
1377 1969 1443 2022 illum
1453 1966 1482 2020 ci·

333 2058 392 2112 vilis
404 2057 542 2112 neomenia
554 2055 704 2110 denunciari
715 2055 828 2121 solebat,
844 2059 874 2108 ut
889 2071 923 2109 ex
935 2053 966 2108 R.
975 2056 1050 2110 Mose
1062 2061 1177 2120 cenent,
1195 2055 1226 2110 do
1242 2071 1293 2125 quo
1304 2054 1365 2108 vide
1380 2055 1482 2124 glossam

334 2159 391 2214 cap.
404 2162 422 2196 r.
433 2139 573 2196 liiddusclr.
597 2140 678 2211 Atqui
690 2157 758 2194 sunu
770 2141 815 2194 illo
827 2157 916 2196 xxrrv.
929 2141 1002 2210 cyclo
1013 2141 1092 2196 luuae
1104 2159 1171 2205 xrs,
1188 2141 1250 2194 solie
1262 2158 1320 2206 xv„
1337 2138 1481 2194 uoriluuiuru

333 2244 424 2282 rerum
434 2227 525 2282 inuidit
535 2227 563 2280 iu
574 2227 661 2280 Martii
671 2244 722 2291 ru,
732 2224 802 2280 horis
814 2244 830 2278 v
842 2242 902 2280 oum
916 2227 1010 2280 triente
1025 2226 1080 2280 iere
1091 2241 1109 2278 a
1119 2226 1206 2280 medie
1216 2231 1303 2291 noue,
1321 2231 1380 2280 ueto
1396 2223 1481 2278 ruder

333 2311 404 2368 horis
414 2317 475 2384 post
484 2311 597 2366 mediam
614 2311 826 2366 coniunctionem
840 2327 907 2381 quae
918 2327 1007 2366 veram
1024 2311 1164 2366 antecessit
1179 2312 1207 2364 iu
1223 2311 1368 2366 meridiano
1379 2310 1481 2364 meuc»

332 2399 469 2468 lymitano.
505 2397 588 2462 Quare
600 2397 697 2452 laisum
708 2402 749 2450 est
759 2397 834 2452 tertio
846 2397 952 2452 derouur
963 2396 1017 2463 die,
1035 2395 1085 2452 hoo
1101 2401 1142 2451 est
1157 2415 1203 2454 rur.
1215 2397 1317 2462 Martii,
1334 2395 1480 2452 neemiae

335 2499 393 2538 esse
403 2483 527 2538 defixam

401 2567 434 2624 N.
446 2586 519 2624 xxvi.
541 2563 636 2640 lldqrr
648 2566 675 2620 el
686 2565 710 2620 dv
722 2571 752 2637 τῇ
765 2567 812 2638 πρὸ
825 2565 885 2620 diae
897 2567 989 2640 τριῶν]
1017 2567 1095 2624 Nulla
1106 2567 1222 2638 Sibyllae
1232 2569 1296 2624 lolia
1306 2583 1394 2639 ireque
1404 2563 1481 2636 Sphiu·

335 2653 376 2726 gis
388 2655 538 2724 aenigmata
554 2669 614 2708 euru
625 2669 716 2708 eurum
727 2669 795 2724 quae
806 2659 950 2724 sequuntur
961 2654 1118 2709 obtendere
1129 2654 1240 2710 confusi
1250 2659 1376 2726 possunt,
1387 2665 1448 2723 quae
1456 2665 1481 2702 us

333 2741 378 2794 ille
390 2739 494 2810 quidem
506 2737 696 2794 eruditissimus
707 2738 906 2798 mathematicus
917 2745 1053 2794 essecutus
1065 2746 1106 2794 eet
1120 2740 1165 2810 qui
1179 2737 1249 2796 huno
1264 2740 1370 2809 cyclum
1385 2735 1482 2791 saluus·

335 2827 400 2880 sime
412 2825 559 2880 declararit.
592 2824 722 2896 imprimis
734 2827 805 2880 enim
816 2825 924 2880 iudaeus
936 2826 974 2878 ait
985 2821 1126 2895 iueplio'reer,
1144 2823 1192 2878 hou
1204 2825 1434 2888 estimatione,
1448 2835 1481 2890 pe

335 2911 585 2977 remansurorum,
601 2909 733 2966 Christum
743 2928 805 2966 uero
820 2928 929 2983 passum
943 2911 1007 2965 lune
1018 2929 1071 2966 xrv.
1088 2913 1210 2982 ννιιερινῇ
1227 2910 1297 2980 pesp.
1336 2909 1433 2980 Optime
1443 2903 1481 2960 ie

334 2999 422 3071 plerue
433 2999 522 3054 lunam
533 2995 575 3052 hio
586 2996 728 3052 Nicaenanr
739 2997 870 3068 intelligit.
905 2997 1002 3051 Passus
1019 3001 1059 3050 set
1073 3001 1174 3062 autem,
1190 3001 1219 3049 ut
1235 2995 1317 3050 eredit
1329 2992 1480 3067 Epiphanius,

336 3101 393 3140 xrrr.
404 3083 462 3138 Kal.
474 3084 549 3154 ripn,
566 3082 592 3140 id
610 3089 651 3138 eet
666 3083 753 3137 Martii
768 3101 812 3138 xx.
847 3082 927 3152 Atqui
945 3083 1008 3136 luna
1024 3087 1081 3136 tum
1097 3080 1225 3145 Nioaeue,
1245 3081 1338 3136 eodem
1354 3076 1480 3151 Epiphanio

336 3175 438 3236 sutore,
456 3167 506 3222 tuit
517 3187 587 3235 rurs,
603 3169 653 3223 sub
664 3184 801 3238 uesperam
811 3173 899 3222 autem
911 3167 996 3240 coepit
1006 3185 1074 3232 run,
1091 3183 1151 3221 cum
1161 3167 1189 3220 iu
1201 3166 1273 3236 cyclo
1285 3166 1392 3220 ludaico
1402 3163 1480 3218 ritieat

336 3261 407 3310 esset
417 3273 473 3320 uu,
484 3262 608 3325 sequente
619 3273 673 3310 rvr.
696 3253 749 3308 Sed
761 3251 815 3306 καθ’
827 3252 958 3323 ὑπέρβασιν
970 3253 1004 3307 sb
1015 3252 1108 3306 iisdem
1119 3269 1173 3308 xrr.
1183 3251 1253 3306 facta
1264 3259 1316 3316 eet,
1330 3267 1389 3306 cunr
1399 3251 1424 3302 iu
1433 3261 1480 3300 earu

335 3340 434 3414 paseha
444 3341 612 3396 adsensere
634 3339 732 3394 Verum
743 3339 775 3394 de
786 3337 835 3392 hau
845 3339 988 3410 posteriore
1003 3338 1085 3409 accipi
1100 3355 1153 3392 uon
1168 3341 1266 3408 potest,
1283 3337 1348 3406 quia
1363 3329 1479 3404 νυκτερινὴ*

336 3427 410 3481 illam
419 3432 503 3480 uocet.
538 3425 640 3478 ludaeis
651 3441 712 3480 vero
727 3432 788 3496 post
798 3422 929 3496 μετάβασιν
942 3441 994 3478 rrv.
1006 3423 1082 3477 desiit
1092 3423 1119 3478 iu
1130 3440 1187 3488 xv„
1202 3421 1312 3493 ideoque
1329 3423 1379 3476 tuit
1393 3413 1478 3490 §popul

336 3529 380 3568 xc.
402 3511 471 3565 Fieri
481 3516 568 3581 potest
579 3517 608 3564 ut
619 3511 826 3565 emendationem
837 3509 879 3564 hio
890 3510 963 3564 locus
974 3509 1061 3580 potius
1073 3523 1153 3578 quem
1163 3508 1400 3578 interpretationem
1410 3501 1479 3572 requi·

335 3605 377 3654 rat
386 3597 578 3670 legendumque
590 3597 635 3650 sit:
653 3593 832 3667 τριςκαιδειᾶιη
846 3593 945 3666 ipsuis-l
960 3593 1036 3664 μέση,
1053 3592 1101 3648 hoe
1114 3599 1154 3647 eet
1163 3594 1227 3648 luna
1236 3611 1307 3660 mu,
1319 3607 1386 3664 quae
1395 3589 1478 3644 abortu

336 3685 400 3738 solis
411 3683 515 3754 incipit,
530 3682 646 3747 labente,
663 3682 716 3735 imo
734 3681 886 3751 proatou'up,
905 3681 953 3735 sub
965 3679 1100 3734 meridiem
1110 3679 1230 3733 videlicet
1241 3677 1304 3744 diei,
1321 3695 1373 3748 quo
1387 3673 1478 3729 eicitur

236 3801 258 3841 ρ.
267 3789 311 3832 rra
336 3788 394 3826 urrr.
403 3769 467 3824 luna
477 3773 634 3822 numeratur.
669 3765 743 3830 Quod
755 3767 807 3822 uisi
817 3767 854 3821 ita
865 3772 916 3832 est,
928 3765 992 3820 nihil
1004 3766 1115 3820 occurrit
1125 3765 1211 3836 aptius
1220 3779 1301 3834 quam
1309 3763 1379 3836 quod
1385 3759 1477 3829 lleplero

336 3855 447 3926 placuit,
463 3853 590 3908 decimam
606 3857 726 3922 quartani
739 3850 880 3906 Nisaeum
896 3852 982 3906 uoueri
994 3869 1064 3916 xrru,
1083 3849 1194 3921 quodie
1211 3865 1269 3904 earu
1280 3855 1383 3904 noctem
1394 3843 1477 3899 usuro

337 3955 354 3994 a
365 3957 417 4012 qua
428 3957 480 3996 ιιι.
492 3938 595 3994 initium
606 3938 718 4008 accepit,
736 3937 954 4008 quemadmodum
969 3936 1024 3990 dies
1036 3952 1187 4008 reymerum
1198 3936 1231 3989 ab
1243 3933 1407 4006 evangelistis
1416 3943 1477 4001 pm*

338 4042 413 4080 scere
423 4026 482 4096 ipss
491 4023 636 4096 paschatis,
653 4024 708 4077 sire
724 4023 824 4076 decime
838 4028 932 4093 quarta
941 4023 1039 4076 mensis
1050 4022 1196 4093 appellatur
1207 4021 1270 4074 κατὰ
1281 4019 1406 4090 πρόληψιν.
1435 4010 1477 4066 Sed

253 4177 258 4188 Ι
337 4117 394 4166 turn
407 4109 468 4182 μέση
480 4127 545 4176 ror,
557 4110 580 4163 si
591 4109 726 4164 meridiem
737 4107 879 4180 significet,
892 4123 985 4179 purum
996 4111 1055 4178 apte
1066 4105 1223 4162 cohaerebit
1255 4105 1314 4160 hlon
1325 4105 1392 4160 euim
1402 4105 1437 4156 eet
1445 4115 1476 4150 rr

338 4194 432 4268 κτερινὴ
444 4195 519 4266 piru,
536 4211 604 4265 quae
619 4194 725 4249 nonnisi
738 4201 798 4266 post
809 4209 943 4265 vesperam
959 4194 1052 4264 coepit.
1086 4191 1138 4248 Sed
1155 4209 1240 4264 nequo
1255 4191 1354 4246 medios
1365 4188 1396 4244 ed
1405 4189 1475 4242 mciv

338 4282 525 4337 astronomicus
542 4297 601 4334 mes
616 4281 746 4335 sententia
761 4281 877 4351 respexit
892 4278 1060 4350 Epiphanius.
1095 4277 1270 4342 Quamobrem
1287 4277 1317 4329 rb
1329 4275 1387 4348 pier
1401 4273 1475 4326 meas·

338 4383 384 4440 per
395 4382 437 4420 rue
449 4365 553 4436 quidem
563 4370 658 4436 potest.

406 4450 548 4522 Προίλαβον
560 4448 622 4522 γὰρ,
635 4451 675 4504 ael
685 4447 798 4522 ἔφαγον]
832 4451 880 4505 liis
895 4451 939 4504 ille
953 4450 1037 4504 nodus
1054 4454 1095 4504 eet
1105 4447 1293 4521 propemodum
1303 4437 1474 4504 innitittbffils

339 4554 418 4612 quem
429 4538 595 4594 acutissimus
605 4537 650 4590 ille
660 4536 856 4592 mathematicus
867 4553 920 4592 non
932 4535 1057 4590 dhsulrit.
1081 4535 1125 4588 Sic
1136 4535 1207 4590 enirn
1218 4535 1404 4604 interpretatur:
1417 4523 1473 4582 didi

339 4631 396 4678 stus
408 4639 468 4678 cum
478 4623 580 4676 ludaeis
594 4621 749 4692 quibusdam
764 4621 863 4693 paseha
878 4621 943 4676 obiit
953 4622 1015 4676 luae
1026 4621 1131 4676 Iudaica
1142 4622 1235 4675 uitiosa
1246 4639 1300 4678 xrr.
1311 4623 1425 4679 exeunte,
1438 4607 1472 4663 Ni·
