3252 5158
1173 335 1290 396 cnxvn

125 495 156 550 de
168 495 221 550 diei
233 495 338 550 ludaico
349 495 488 566 principio,
505 496 560 549 slve
577 501 652 550 nocte
668 496 847 562 antecedente,
864 496 930 550 solet
943 492 1070 566 usurpavi.
1093 491 1151 546 Non
1164 494 1232 564 quod
1244 493 1289 550 lux

125 581 214 652 aliqua
225 581 280 634 aive
292 582 380 646 lunas,
395 581 452 642 eive
469 581 603 636 stellarum
620 579 713 634 saltem
729 581 813 634 oriens
825 585 956 648 utcunque
968 577 1036 630 diem
1048 578 1203 648 auspicetur,
1220 581 1287 648 quod

124 665 297 720 casaubonus
308 667 335 720 ln
347 663 459 718 livescit.
471 679 539 731 nrt,
556 681 627 719 num.
641 683 684 718 xv.
695 681 785 718 verum
803 664 948 726 existimem
965 667 996 716 ut
1011 678 1070 716 cnm
1085 663 1171 716 Lucas
1183 665 1221 718 alt
1232 681 1287 737 cap.

124 769 214 816 arna,
231 751 278 804 bis
295 750 334 802 ael
346 749 470 820 σάββατον
482 747 623 820 intensae,
640 751 677 804 sic
689 749 866 820 accipiendum
879 748 913 799 slt
928 751 957 800 ut
968 748 990 800 si
1002 747 1123 812 dixisset,
1141 747 1182 800 asi
1192 745 1288 818 iripo-

124 853 180 888 ssas
191 835 207 902 ἡ
220 835 310 902 σιληνη
321 834 337 901 ἡ
349 832 445 905 ἄγουσα
457 834 485 886 rb
498 834 629 904 sipiares.
665 835 734 888 llaec
752 834 821 886 enim
836 833 966 884 mamutio
981 831 1146 886 subabsurda
1162 839 1189 886 et
1198 849 1287 904 supar-

123 936 240 976 vacauea
248 919 355 974 videtur.
367 921 463 974 Verum
472 920 623 990 simpiciter
632 925 658 972 et
666 919 737 972 nullo
747 919 798 971 alio
807 916 946 970 subaudito
955 913 1100 984 ἐπιηώσνοιν
1109 924 1150 971 est
1159 929 1286 988 oppetere,

123 1007 163 1060 vel
174 1009 256 1068 itare,
268 1008 416 1060 aduentare.
450 1005 505 1058 lloc
522 1011 609 1058 autem
626 1007 813 1056 execratum
828 1002 940 1054 arbitror
951 1003 1019 1072 quod
1032 1017 1092 1055 cum
1103 1003 1188 1073 prinas
1199 1019 1229 1066 ao
1241 1020 1286 1057 na·

123 1097 194 1144 turae
206 1091 323 1144 mamma
335 1095 509 1146 conmutanea
518 1089 568 1144 diei
580 1087 719 1158 appellatio
730 1087 815 1140 lucens
828 1086 971 1156 significet,
983 1092 1118 1158 tempusve
1130 1089 1163 1141 ab
1175 1095 1233 1142 ortu
1245 1107 1286 1143 eo-

121 1177 153 1230 lis
164 1176 341 1240 sicconem,
353 1177 490 1246 pleraeque
499 1181 590 1244 postea
599 1171 717 1224 nationes
726 1171 804 1224 variis
814 1178 960 1242 temporum
970 1173 1050 1226 initiis
1060 1174 1207 1226 constitutis
1216 1175 1284 1228 diem

121 1259 291 1316 nibilominus
308 1261 472 1331 appellarunt
487 1258 600 1328 epatium
615 1255 679 1310 illud
695 1258 831 1328 temporis,
849 1258 919 1327 quod
935 1258 968 1310 ab
985 1275 1016 1312 eo
1033 1265 1128 1328 puncto
1150 1259 1218 1328 quod
1235 1259 1285 1312 eibi

121 1350 266 1400 statuerant
277 1345 310 1398 ad
321 1345 390 1398 idem
402 1349 526 1414 punctum
538 1341 686 1394 revolvitur.
705 1341 789 1406 Quare
802 1349 830 1395 ot
841 1344 869 1396 in
880 1343 1003 1412 primaria
1013 1343 1060 1396 illa
1072 1345 1223 1396 screaturali
1235 1343 1284 1396 diei

121 1432 225 1484 nubens
238 1428 381 1500 ἱπιηώσνοιν
391 1429 494 1500 proprie
506 1427 561 1480 dies
576 1426 678 1492 dicitur,
695 1426 765 1497 quod
782 1429 839 1480 eius
855 1428 930 1481 initio
946 1428 987 1480 sol
1003 1428 1091 1493 oritur,
1109 1433 1139 1481 ut
1155 1435 1181 1481 et
1197 1427 1284 1499 ἡμέρα,

121 1513 167 1568 dab
180 1518 222 1580 τῆς
234 1512 306 1583 ἠοῦς,
318 1515 356 1566 ita
365 1513 499 1566 translatis
511 1511 544 1564 ad
555 1512 669 1582 reliquas
680 1511 778 1566 iormae
788 1513 839 1566 diei
847 1513 1064 1584 appellationibus
1074 1514 1144 1566 idem
1152 1512 1201 1567 hoc
1210 1528 1284 1567 usur·

120 1606 208 1669 patum
219 1599 289 1652 initii
299 1597 455 1651 vocabulum
467 1602 520 1662 est,
536 1598 586 1650 etsi
601 1597 688 1650 minus
706 1615 786 1669 quam
797 1598 849 1650 illic
861 1599 971 1670 proprie.
1007 1597 1068 1652 Sive
1080 1599 1160 1668 igitur
1172 1615 1187 1651 a
1199 1598 1285 1652 media
1310 1614 1332 1654 n·
1341 1603 1384 1646 1⁸⁸·

119 1690 205 1749 noem,
223 1684 279 1736 sive
291 1700 308 1736 a
318 1682 437 1747 meridie,
455 1683 510 1736 sive
522 1683 555 1735 ab
566 1683 640 1736 initio
653 1684 749 1747 noctis,
764 1683 816 1736 diei
831 1689 962 1754 repetatur
974 1683 1123 1748 exordium,
1140 1681 1283 1754 derepsissent

119 1768 214 1839 ubique
227 1768 296 1831 dies,
312 1768 361 1822 hoe
373 1773 413 1819 est
423 1766 540 1820 inchoari
551 1773 576 1820 et
587 1767 652 1821 inire
664 1768 816 1838 simpliciter
828 1769 933 1824 dicetur.
957 1767 1181 1832 Quemadmodum
1193 1785 1283 1839 νουμη-

119 1853 168 1913 νίας
185 1869 239 1906 vox
257 1869 316 1906 eum
333 1859 484 1906 nutantem
501 1853 591 1906 lunam
608 1853 710 1924 proprie
728 1853 868 1923 significet,
888 1854 921 1906 ad
942 1854 1030 1908 omnia
1050 1854 1181 1906 mensium
1201 1855 1283 1918 initia,

120 1939 195 1990 etiam
207 1937 315 1992 minime
326 1938 457 1990 lunarium
468 1937 630 2004 uanaiertnr,
640 1944 706 2008 puta
716 1939 913 1992 tricenariomm
925 1945 951 1992 et
962 1940 1174 2009 Agpptiaeornm.
1210 1939 1283 1995 Unde

117 2023 167 2076 alia
178 2029 219 2076 est
230 2021 348 2092 νουμηνία
360 2021 422 2074 κατὰ
434 2021 545 2092 οσληνην,
558 2022 610 2076 alia
622 2023 652 2075 οὐ
664 2020 849 2090 κατὰσοληνην.
868 2025 923 2077 lico
935 2039 985 2094 ego
997 2039 1075 2078 sensu
1089 2029 1125 2093 τῷ
1137 2021 1281 2094 irreptionem

118 2108 292 2178 evangelistas
303 2107 456 2178 simpliciter
467 2123 528 2162 usos
538 2108 657 2162 arbitror.
675 2107 708 2162 Ut
720 2123 779 2162 eum
791 2109 883 2162 blattb.
895 2125 1059 2180 capxxvnr,
1074 2110 1095 2162 l.
1107 2110 1143 2162 ita
1154 2110 1281 2179 loquitur:

118 2189 178 2262 Ὀψὶ
187 2191 213 2246 bi
222 2195 273 2244 τῶν
282 2190 413 2261 σαββάτων
422 2198 451 2264 τῇ
461 2191 635 2264 ἐπιφωσκούσῃ
645 2191 676 2255 εἰς
686 2193 743 2264 μίαν
752 2197 801 2246 τῶν
814 2192 953 2264 σαββάτων.
972 2193 1021 2249 Ubi
1033 2195 1105 2248 nulla
1116 2195 1281 2264 argutations

118 2295 180 2348 opus
192 2285 236 2332 eet
246 2283 276 2330 nt
286 2279 328 2332 vel
340 2278 394 2330 dies
405 2279 463 2348 ipsa
475 2295 491 2331 a
503 2285 579 2332 nocte
590 2279 717 2350 incipiens
729 2285 785 2332 tum
797 2280 916 2344 demum,
928 2296 988 2334 cum
998 2282 1038 2334 sol
1047 2281 1129 2334 oritur
1137 2277 1280 2349 ἐπιμώσκειν

118 2363 222 2429 dicatur,
241 2365 284 2417 vel
301 2369 330 2417 nt
344 2363 408 2417 luna
424 2367 470 2416 aut
485 2363 569 2416 sidera
584 2363 781 2420 subaudiantur.
812 2364 879 2418 Nam
894 2364 934 2418 bic
946 2381 1005 2418 meo
1017 2365 1111 2418 iudicio
1124 2381 1216 2418 sensus
1228 2369 1278 2417 est:

118 2447 246 2502 meteone
259 2449 388 2514 sabbatis,
400 2449 455 2502 sive
467 2447 630 2502 bebdomada
641 2455 758 2520 peracta,
771 2449 811 2504 die
823 2451 955 2521 sequenti,
972 2465 1038 2521 quae
1049 2451 1133 2504 inibat
1144 2467 1204 2504 cum
1215 2450 1281 2503 ieris

117 2535 211 2604 prima3
228 2535 298 2606 qnod
314 2535 428 2605 apertius
439 2534 525 2588 Lucae
542 2550 597 2604 cap.
608 2553 696 2600 rnna,
712 2533 753 2590 54.
769 2535 926 2590 declaratur:
951 2535 997 2588 llel
1007 2534 1086 2608 ἡμέρα
1097 2531 1126 2606 ᾖν
1139 2535 1279 2607 παρασκευὴ

118 2619 156 2670 sai
164 2618 289 2690 σαββᾶτσν
298 2617 432 2690 salebere.
448 2618 498 2674 Ubi
507 2621 615 2673 verbum
624 2618 751 2690 ἐπίηονσνε
759 2621 858 2674 nuUans
868 2622 952 2676 lucem
961 2622 1103 2692 siguificat,
1113 2621 1159 2674 sed
1167 2621 1278 2676 initium.

15 2769 17 2786 Ι
116 2705 150 2758 At
159 2707 228 2776 apud
239 2704 414 2776 Epiphaniam
424 2705 452 2758 iu
464 2704 713 2776 Expositionel'idei
724 2723 795 2762 num.
807 2723 871 2760 xxm
882 2707 949 2760 circa
961 2707 1121 2776 gallicinium
1138 2710 1179 2772 τῆς
1197 2725 1279 2776 κοριο-

118 2793 157 2856 οῆς
169 2789 356 2861 inspectoris-qe
367 2791 433 2844 solvi
446 2789 567 2860 paschale
582 2792 706 2844 ieiunium
725 2792 826 2857 dicitur,
843 2790 893 2846 boc
908 2799 949 2845 est
963 2797 1023 2863 post
1039 2792 1152 2844 mediam
1167 2799 1278 2857 noctem,

117 2891 193 2946 aqua
204 2876 274 2930 diem
286 2874 426 2930 Christiani
437 2875 568 2929 inchoant
603 2877 667 2929 ltem
683 2877 762 2946 paulo
778 2883 840 2946 post
855 2877 945 2930 scribit
959 2878 1098 2931 nonnullos
1115 2875 1278 2930 bebdomada

117 2969 203 3016 sancta
212 2963 324 3032 vigilare
334 2959 378 3028 την
390 2961 451 3031 prtia
462 2959 505 3027 τὴν
520 2961 633 3031 πέμπτην
650 2960 837 3030 inspiratorem
853 2959 885 3022 eit
901 2962 929 3014 cb
947 2961 1127 3033 προσάββατον.
1162 2961 1212 3014 Ubi
1227 2959 1277 3012 ine-

118 3047 217 3114 ηώσιισιν
226 3046 329 3100 videtur
339 3047 442 3117 proprie
453 3045 610 3116 sumpsisse,
622 3047 698 3116 quasi
706 3063 760 3100 non
769 3046 892 3117 postridie
903 3047 1030 3112 lucescat,
1041 3046 1090 3100 boc
1102 3047 1179 3100 estin
1191 3047 1276 3103 lucem

117 3130 221 3187 desinat.
246 3131 355 3186 Noctem
366 3133 436 3184 enim
447 3131 570 3200 intelligit
580 3146 648 3201 quae
658 3147 825 3202 parascevem
836 3133 974 3202 praecedit.

181 3214 589 3288 Κοὶβτιάνάσοασιςκοὶίσημιρὶσ.]
608 3215 647 3270 En
656 3217 749 3270 erroris
758 3223 950 3288 argumentum.
968 3216 1275 3289 Obristumeuim,quem

117 3303 277 3373 aequinoctio
289 3304 346 3373 ipso
357 3301 530 3356 resurrexisse
542 3301 679 3366 didicerat,
696 3301 744 3356 boc
762 3307 801 3356 est
817 3319 878 3358 xxv.
889 3303 991 3367 Martii,
1007 3319 1038 3356 eo
1050 3303 1090 3358 die
1102 3305 1275 3358 resurrexisse

117 3389 232 3454 credidit,
250 3405 303 3459 quo
317 3389 472 3442 Diocletiani
489 3392 605 3457 tempore
622 3389 815 3456 aequinoctium
832 3388 929 3442 incidit.
966 3388 1033 3443 Nam
1051 3406 1084 3442 ox
1096 3391 1229 3456 Anatolio,
1247 3395 1276 3443 nt

118 3474 212 3543 opinor,
228 3481 255 3528 et
266 3473 448 3528 Alexandrinis
460 3473 589 3526 veteribus
604 3471 798 3542 aequinoctium
809 3474 896 3530 Martii
908 3491 972 3530 xxm.
989 3475 1091 3539 statuit,
1108 3491 1167 3528 cum
1184 3475 1274 3529 Nicae-

117 3575 177 3614 nnus
188 3561 288 3630 aliquot
299 3560 374 3612 annis
385 3563 477 3628 postea
487 3559 515 3611 in
524 3558 678 3612 marimum
688 3559 801 3628 primum
813 3559 936 3614 intulerit.
954 3559 1026 3614 Unde
1038 3561 1083 3630 qni
1095 3567 1275 3614 successerunt

118 3645 282 3700 ΑΙσαοοάτίοἰ
295 3643 572 3714 scripturaruum,
588 3643 637 3696 hoe
653 3649 695 3696 est
710 3661 764 3698 uxr.
776 3645 875 3709 Martii,
893 3646 1086 3715 aequinoctium
1103 3646 1228 3710 fixerunt3
1245 3653 1275 3700 nt

117 3729 254 3784 intaralios
262 3729 392 3784 Pretorius
402 3728 595 3782 Alexandrinus
607 3729 675 3799 apud
687 3727 785 3782 bedam
796 3729 841 3782 lib.
854 3730 885 3782 de
894 3731 1165 3800 AequinoctVemali,
1179 3733 1223 3800 qui
1234 3737 1274 3786 est

117 3817 184 3869 tomo
196 3835 234 3870 vn.
269 3815 295 3868 Is
311 3816 418 3884 inquam
436 3831 496 3866 xrs.
507 3811 682 3878 Phamenotb,
699 3815 743 3884 qni
755 3821 796 3867 eet
806 3833 853 3868 xn.
864 3815 922 3868 Kal.
932 3817 1004 3887 Aps,
1015 3817 1210 3887 aequinoctium
1221 3818 1273 3870 col·

118 3898 219 3966 locavit,
236 3900 330 3954 honis
343 3915 427 3971 papae
443 3899 613 3970 temporibus.
649 3898 739 3970 ltaque
752 3899 900 3970 preposuit
912 3907 953 3955 eet
964 3899 1096 3972 ἁμάρτημα
1107 3901 1273 3955 eruditissimi

118 3982 227 4054 lleplerl,
242 3984 304 4038 dum
315 3985 342 4038 in
354 3985 458 4054 Eulogis
470 3999 531 4054 pag.
543 3983 598 4036 193.
621 3983 765 4038 Proterium
777 3987 814 4038 ait
824 3987 893 4038 eirca
903 3987 1007 4040 initium
1019 3987 1173 4040 Diocletiani
1184 3989 1272 4057 aequi·

119 4071 228 4124 noctium
241 4088 276 4124 rr.
285 4069 341 4124 Kal.
354 4069 497 4134 definiisee;
514 4067 559 4122 sed
571 4068 692 4122 Anatolio
703 4069 731 4122 id
742 4070 875 4136 convenit,
891 4071 964 4124 cuius
979 4071 1079 4125 illustre
1095 4071 1271 4141 fragmentum

119 4153 235 4210 describit
243 4155 370 4208 Eusebius
382 4156 425 4208 lib.
434 4173 480 4208 νιν.
492 4170 548 4224 cap.
557 4170 629 4208 xxvi.
642 4169 676 4207 en
688 4153 804 4208 eiusdem
814 4153 982 4208 Paschelibus
991 4156 1152 4220 (lenonibus,
1165 4157 1233 4227 quod
1245 4163 1271 4210 et

119 4235 186 4292 Beda
196 4246 382 4296 commemorat
392 4240 436 4294 lib.
449 4239 480 4292 de
492 4239 673 4310 Aequinoctio,
690 4238 735 4291 ubi
751 4247 777 4292 et
787 4241 902 4292 Anatolii
915 4242 994 4294 verba
1008 4257 1040 4294 ex
1057 4241 1270 4311 depravatissimo

120 4321 212 4382 Ruffini
222 4327 433 4396 interpretatione
444 4341 579 4396 perperam
592 4324 815 4395 acceptaalienam
824 4325 851 4377 in
861 4326 1016 4378 sententiam
1026 4326 1166 4396 detorquet
1185 4327 1269 4391 Quare

122 4421 175 4462 tum
191 4427 224 4465 ex
240 4429 270 4465 eo
285 4411 398 4464 Anatolii
415 4411 516 4465 decreto
536 4416 662 4480 tanquam
682 4425 716 4462 ex
735 4407 805 4462 iente
822 4408 959 4480 Epiphanii
975 4410 1091 4464 doctrine
1107 4409 1267 4482 profluxerit,

121 4495 191 4550 nobie
200 4498 331 4567 integrum
342 4511 396 4550 non
407 4501 459 4561 est,
471 4501 525 4548 tam
536 4495 663 4550 moenem
674 4493 875 4568 disputationem
886 4495 989 4571 silentio
1001 4497 1209 4570 praetermittere.
