3200 5158
1239 325 1295 390 crn

125 487 275 540 lunatiouia
292 485 492 551 embolimaeae,
515 501 583 558 quae
600 485 714 541 emunda
732 486 883 542 Decembris
900 488 971 554 iniit,
988 488 1060 558 cyclo
1078 489 1141 542 ecla
1159 507 1197 555 x.,
1221 490 1295 543 litera

125 571 199 626 dom.
213 572 245 627 B.
270 572 328 626 Non
340 571 407 626 aliua
419 571 460 626 hic
472 587 557 628 annue
569 577 610 626 eet
620 587 700 642 quam
712 587 787 642 acrae
799 573 974 643 Dionysianae
990 575 1103 644 primae,
1120 575 1187 644 cycli
1198 573 1295 645 Diony·

125 658 197 710 mani
220 658 364 723 eecnndua,
385 673 463 728 quem
480 674 529 712 noe
545 658 658 728 primum
678 675 695 711 a
714 659 795 712 natali
815 665 965 729 computare
985 659 1113 724 solemus,
1134 677 1186 730 quo
1206 661 1295 730 cyclus

124 747 285 814 epactarum
296 743 400 808 tertius,
417 743 462 813 qui
478 744 547 798 idam
563 748 605 797 eat
620 759 679 798 curn
692 743 880 810 Alexandrino,
898 745 931 797 ab
944 744 1090 818 Septembri
1100 761 1192 798 menae
1203 746 1295 816 eoepit,

124 835 251 884 currente
262 845 341 882 aureo
353 845 425 883 num.
434 847 463 882 rx.
485 829 585 884 Rureue
597 845 705 900 pereum
717 845 773 884 essa
784 828 915 883 Christum
927 830 1002 883 docet
1013 847 1082 883 anno
1094 831 1187 884 aetatis
1197 849 1295 896 xxxrv,

125 931 180 986 quo
193 913 332 984 panchaia
344 931 380 969 ιι.
392 913 448 968 Eid.
461 914 522 984 Apr.
534 913 631 968 incidit
660 913 709 968 iiat
723 915 746 967 ia
764 929 849 968 annua
860 931 936 969 aerae
947 916 1121 992 Dionysiauae
1134 935 1225 980 xxxv,
1243 933 1294 988 quo

124 1000 204 1070 cyclo
217 999 324 1054 labente
334 1001 412 1054 lunae
422 1017 500 1066 xva,
512 999 649 1054 neomenia
659 999 741 1054 Niaan
753 999 860 1054 Nicaeni
871 1001 940 1054 cadit
950 1002 977 1055 in
989 1001 1078 1056 Martii
1086 1019 1180 1067 xxva,
1191 1003 1257 1056 ieriu
1268 1019 1296 1068 v.,

124 1084 203 1153 cyclo
217 1085 282 1140 aoiie
291 1103 359 1149 xva,
369 1085 445 1140 litera
456 1084 524 1140 dom.
535 1083 565 1140 B.
583 1084 668 1149 Quare
680 1085 780 1140 decima
791 1091 883 1157 quarta
893 1086 1024 1158 paschalia
1035 1088 1142 1141 incurrit
1152 1089 1179 1141 in
1190 1105 1224 1142 rx.
1235 1089 1294 1159 Apr.

123 1170 240 1226 fenvrr..
258 1169 383 1226 Postridie
395 1171 484 1241 itaque
493 1170 624 1224 dominica
634 1170 772 1242 paachalie.
789 1172 870 1244 Atqui
881 1177 910 1226 ut
919 1172 1036 1227 Christus
1047 1177 1125 1227 natue
1137 1175 1173 1226 sit
1184 1179 1295 1227 exeunte

124 1271 199 1310 anno
212 1255 374 1327 Dionysiana
392 1256 518 1322 necundo,
535 1273 604 1310 anno
617 1275 706 1310 xxxxv.
719 1263 844 1323 exeunte,
862 1275 914 1312 non
930 1259 1042 1329 amptius
1054 1277 1128 1313 xxxrr
1141 1273 1222 1312 anuos
1235 1260 1295 1312 soti-

125 1342 175 1398 doe
187 1343 346 1414 expleverit,
357 1344 464 1396 ineunte
476 1358 537 1396 vero
549 1361 629 1396 xxxv.
641 1343 800 1397 triceeimum
812 1344 917 1397 tertium
927 1343 1076 1400 inchoabat.
1100 1345 1170 1415 Ergo
1181 1345 1295 1416 primum

125 1428 226 1484 mutia
239 1445 339 1484 aunum
351 1427 499 1499 Campanae
511 1444 572 1482 euru
583 1434 702 1482 numeret
714 1445 765 1500 quo
777 1430 804 1484 in
816 1434 935 1483 materno
947 1435 1021 1484 utero
1033 1434 1151 1500 gestetur
1164 1436 1210 1506 eet

214 1633 262 1687 Dii
279 1632 473 1701 sicennam,
494 1633 652 1704 namnet,
670 1633 892 1698 adiunctione
910 1633 1213 1690 CHRONOLOGORUM
1321 1653 1395 1704 put

126 1717 439 1784 HALLUGINATIONE,
469 1718 561 1783 QUOD
591 1721 637 1773 AD
665 1719 777 1774 tenen
806 1719 1094 1775 ANTIGIPATIONEM
1120 1721 1295 1777 PERTINET.

197 1855 275 1920 Quod
287 1862 328 1910 eat
338 1874 355 1910 a
366 1858 442 1912 nobie
453 1858 572 1928 proxime
588 1857 760 1929 disputatum,
778 1857 965 1926 Dionysianam
983 1874 1084 1923 aarum,
1099 1874 1159 1911 cum
1176 1859 1209 1911 ab
1226 1874 1294 1911 anno

128 1941 318 1996 incarnationis
330 1941 474 1996 inchoanda
485 1944 520 1997 ait
531 1944 565 1996 ab
577 1961 608 1996 eo
621 1945 666 2013 qui
680 1943 842 1998 nativitatem
858 1944 982 2013 sequitur,
999 1943 1122 1998 hodierno
1139 1959 1187 1998 usn
1205 1945 1295 2014 repeti,

126 2027 215 2098 prima
232 2028 317 2082 fronte
333 2027 485 2099 sigebertus
501 2029 714 2083 animadvertisse
726 2028 806 2082 videri
817 2035 911 2100 potest,
940 2027 1007 2082 Nam
1025 2030 1058 2082 ad
1076 2047 1174 2082 anuum
1190 2047 1293 2084 oxxxrr.

128 2111 193 2168 baec
211 2113 336 2168 adnome-
353 2115 395 2166 Ad
409 2115 456 2168 leuc
468 2119 544 2168 ctiam
561 2133 627 2168 anno
643 2115 780 2184 Dienyaiue
797 2115 877 2167 abbae
893 2117 994 2168 orditur
1006 2116 1102 2183 cyclum
1113 2133 1195 2181 auum,
1212 2118 1295 2184 cyclu-

128 2217 185 2251 rum
198 2217 215 2252 v
229 2201 496 2253 decemnovennalium.
520 2200 557 2252 Et
568 2204 628 2270 quia
644 2203 768 2253 aecundua
781 2219 862 2254 annua
874 2200 948 2253 licina
959 2205 1043 2271 operia
1055 2201 1213 2253 concordare
1225 2201 1297 2252 dedet

129 2287 157 2336 in
168 2290 271 2338 rationu
283 2291 393 2356 computi
399 2291 484 2356 primo
496 2305 562 2339 anno
575 2290 720 2339 concitatio
729 2285 838 2352 Cleriati,
851 2287 923 2338 debet
934 2303 1012 2340 xxxv.
1027 2305 1108 2338 annua
1121 2289 1187 2354 cycli
1199 2286 1294 2353 Diony-

128 2375 201 2424 aiaai
212 2373 371 2424 concordare
382 2375 409 2423 in
420 2376 520 2424 radone
538 2375 647 2442 computi
657 2376 784 2425 tricurino
796 2376 868 2424 tertio
887 2389 953 2424 anno
965 2374 1108 2424 uaticiton'a
1120 2371 1229 2434 onnon,
1245 2373 1294 2422 aci-

130 2457 191 2510 licet
206 2465 238 2508 at
253 2474 307 2509 xxv.
319 2459 379 2508 lanu
392 2457 495 2527 Apriiie
512 2465 634 2510 occurrat
649 2475 686 2513 nx.
700 2457 763 2512 Kal.
775 2458 843 2527 Ape.
856 2461 883 2509 in
894 2475 918 2510 v.
924 2461 1012 2526 scria,
1026 2461 1117 2528 paceio
1130 2456 1227 2510 Clirirti
1237 2471 1293 2510 vrtr.

131 2541 194 2594 Kal.
208 2543 454 2612 Apamensem,
472 2547 624 2596 rerurrectio
635 2560 671 2597 vr.
684 2541 748 2598 Kal.
761 2543 828 2612 Apr.
844 2547 871 2594 in
888 2545 1016 2596 dominica
1034 2546 1083 2597 die.
1107 2542 1160 2596 Sed
1169 2546 1230 2612 quia
1246 2559 1296 2594 non

129 2631 169 2681 ita
180 2631 310 2690 occurrit,
322 2630 368 2680 aed
377 2630 438 2680 luna
451 2645 503 2682 ιιι.
517 2631 619 2698 Aprilis
630 2633 744 2681 occurrit
755 2647 782 2681 ce
794 2647 861 2681 anno
873 2646 920 2683 xri.
930 2627 993 2683 Kal.
1003 2615 1070 2698 Apr.
1083 2632 1110 2680 in
1117 2632 1206 2698 prima
1211 2627 1295 2696 seria,

132 2715 262 2766 dominica
273 2731 333 2766 cero
345 2715 400 2766 diae
406 2713 524 2783 pacatae
535 2719 562 2766 iu
574 2731 598 2766 v.
611 2713 675 2768 Kal.
687 2713 756 2783 Apr.
768 2715 826 2768 ideo
837 2715 1002 2784 improbator,
1014 2718 1074 2784 quoia
1083 2722 1210 2784 repuqnat
1220 2729 1296 2764 enon·

130 2801 233 2867 petione
243 2803 356 2854 emitari.
379 2800 448 2853 Haec
460 2798 619 2870 sigebertus.
643 2798 715 2862 Quae
727 2814 786 2852 cum
801 2797 986 2853 obscurissime
1002 2804 1078 2864 eunt;
1095 2805 1150 2852 tum
1161 2815 1222 2851 vero
1235 2814 1295 2851 cum

133 2885 169 2937 ait
185 2899 287 2938 anuum
305 2885 371 2954 cycli
387 2883 539 2953 Dionyaiani
556 2901 634 2939 xxxv.
651 2883 806 2955 respondere
822 2902 917 2940 xxxru.
933 2885 1090 2949 nativitatis,
1111 2883 1180 2937 utut
1199 2885 1294 2953 ipsum,

133 2969 201 3039 quod
215 2970 317 3026 anobis
330 2969 494 3024 observatum
507 2976 559 3036 eet,
572 2969 701 3024 affirmare
712 2969 820 3026 videtur.
838 2968 908 3023 Nam
918 2970 942 3024 ai
952 2958 1129 3040 Dionyaiuuue
1142 2967 1230 3038 cyclus
1242 2983 1294 3021 uno

133 3071 200 3109 auno
218 3056 422 3110 incarnationem
440 3055 583 3120 antecedit,
599 3071 705 3110 necasse
722 3060 764 3108 eet
779 3060 810 3109 ut
825 3055 941 3109 eiusdem
959 3056 1025 3124 cycli
1040 3055 1131 3108 tertius
1147 3055 1246 3125 primus
1260 3055 1296 3107 eit

133 3149 193 3211 poet
203 3142 380 3206 nativitatem,
392 3142 507 3212 adeoque
520 3141 586 3211 cycii
594 3159 673 3194 xxxv.
685 3141 721 3194 sit
729 3155 744 3194 a
753 3141 888 3194 nativitate
897 3156 990 3196 xxxin.
1007 3139 1047 3192 Ita
1058 3156 1141 3193 annos
1152 3139 1294 3194 nativitatis

134 3232 193 3296 poet
203 3227 367 3282 nativitatem
379 3229 463 3298 ipram
475 3227 587 3298 cuipiam
598 3225 721 3280 maboare
732 3226 868 3282 videbitur.
892 3227 988 3282 Verum
1001 3225 1133 3280 character
1144 3225 1199 3291 iile,
1218 3241 1295 3296 quem

135 3313 251 3378 eubiicit,
263 3313 335 3366 aliud
346 3329 394 3366 nos
406 3314 556 3367 existimare
568 3313 647 3383 cogit.
677 3311 779 3364 Etenim
790 3311 979 3380 Dionysianam
991 3327 1078 3366 ueram
1090 3312 1208 3376 damnat,
1226 3311 1295 3382 quod

135 3415 193 3452 curu
204 3415 291 3452 annua
302 3399 369 3469 cycli
380 3417 459 3453 xxxv.
475 3416 536 3453 cum
552 3415 620 3452 anno
635 3397 779 3452 nativitatis
794 3415 887 3452 xxxin.
905 3397 1042 3450 convenire
1058 3397 1163 3462 debeat,
1180 3397 1240 3466 quia
1255 3409 1295 3449 ee·

135 3485 233 3538 cundue
244 3485 417 3554 nyctiprimue
427 3484 630 3548 estuativitatia,
643 3497 809 3554 nequaquam
817 3489 905 3536 minen
915 3485 1070 3548 consentiat,
1083 3488 1217 3554 propterea
1226 3481 1295 3553 quod

136 3587 214 3625 xxxv.
228 3569 294 3638 cycli
305 3570 395 3624 lunam
407 3569 485 3624 habet
496 3587 550 3625 xiv.
562 3571 589 3624 iu
602 3587 648 3625 ιιι.
661 3569 718 3623 Kal.
730 3569 806 3640 Apu,
822 3569 886 3622 teria
899 3585 929 3634 v.,
946 3569 994 3622 hoc
1012 3573 1052 3622 est
1066 3569 1153 3623 Martii
1165 3587 1232 3633 ιιι,
1249 3584 1295 3638 pa-

137 3654 197 3708 ecba
208 3671 270 3709 varo
282 3673 307 3710 v.
320 3654 377 3710 Kal.
391 3657 464 3726 ripn,
482 3672 566 3710 annue
583 3661 671 3709 autem
686 3655 829 3708 nativitatis
846 3670 940 3709 xrxru.
957 3655 1047 3708 lunam
1064 3671 1117 3708 ιιι.
1129 3653 1247 3707 habuerit
1259 3671 1294 3708 rx.

136 3739 191 3794 ilai.
202 3742 278 3811 Apa,
293 3740 359 3795 ferie
370 3759 410 3806 v.,
426 3740 524 3811 pascha
534 3759 569 3795 vr.
581 3741 638 3795 Kal.
649 3742 712 3812 Apr.
746 3740 830 3812 Igitur
841 3758 921 3796 xxxv.
939 3756 999 3794 cnm
1016 3758 1110 3796 xxxin.
1123 3757 1189 3804 non,
1208 3744 1237 3791 ut
1253 3739 1295 3791 de·

137 3825 225 3892 habat,
237 3827 365 3897 congruit.
386 3824 425 3880 ita
437 3826 596 3897 Sigabertue.
616 3826 688 3881 Idem
701 3828 734 3880 ad
746 3842 844 3880 anuum
856 3844 964 3882 unxxvr.
976 3827 1028 3879 ieta
1039 3826 1141 3879 scribit:
1154 3825 1211 3878 Hoc
1221 3843 1295 3888 anuo,

134 3917 178 3980 qui
188 3923 227 3966 eat
236 3929 294 3967 xm.
308 3931 390 3965 annua
397 3916 480 3982 prv'mi
490 3913 723 3965 decernnooeunalia
739 3915 806 3980 cycli
821 3917 848 3964 in
865 3917 971 3982 repetito
986 3929 1077 3980 macno
1090 3929 1155 3962 anano
1168 3911 1295 3976 Dionyaii,

138 3999 229 4050 duodaa
241 4001 342 4066 maquia
352 4001 427 4050 annia
439 4017 456 4049 a
464 4001 586 4067 pataione
598 3999 835 4062 neminemnam,
852 4002 948 4060 omerio,
966 4015 1030 4066 qrcoe
1043 3999 1079 4048 ad
1090 4003 1190 4048 caeream
1201 3996 1261 4047 colia
1273 4005 1297 4046 et

139 4081 209 4136 lanae
220 4091 348 4153 epectant,
361 4101 426 4135 anno
439 4083 581 4135 dominicae
588 4087 719 4152 pontionis
731 4083 895 4135 concordant.
920 4082 991 4134 llude
1003 4089 1114 4152 apparet
1124 4083 1190 4150 quod
1198 4081 1295 4147 Diony-

139 4172 187 4221 aina
198 4187 245 4222 non
257 4177 326 4222 recte
338 4185 417 4222 annae
428 4170 523 4221 domini
534 4169 605 4234 cyclo
616 4185 659 4220 auo
671 4172 798 4220 annemit.
818 4167 886 4229 Quia
896 4171 961 4220 enim
971 4169 1003 4220 ad
1014 4185 1080 4219 anne
1089 4169 1184 4219 domini
1192 4183 1294 4219 oxxxtr.

140 4256 232 4319 cyclum
248 4271 318 4308 auum
334 4255 432 4306 orditura
448 4262 496 4317 eat,
514 4256 630 4305 nimirum
645 4255 754 4306 intendit
771 4252 895 4304 Odenatum
902 4256 987 4321 suinae
1004 4262 1088 4304 nanim
1106 4271 1172 4304 anno
1187 4253 1295 4302 necundo

137 4345 229 4406 prioris
240 4343 330 4408 maqni
340 4342 415 4402 anni,
433 4355 466 4390 ac
478 4357 528 4408 per
545 4338 592 4390 lxoc
609 4338 651 4390 liic
668 4356 750 4390 rinnua
766 4356 831 4390 annio
844 4340 986 4390 dominicae
994 4342 1123 4407 puaaionie
1135 4339 1294 4390 concordant

141 4425 258 4478 dednuaet
272 4441 325 4479 aare
335 4429 423 4493 maqni
437 4427 503 4492 cycli
517 4442 598 4477 annua
612 4441 734 4486 nonxrn,
751 4425 797 4476 aed
804 4439 906 4488 xxxiia,
919 4427 979 4492 quia
989 4426 1295 4492 infuitannuepaecionio

142 4510 242 4575 ἀοιιὺιί,
260 4521 285 4564 et
295 4529 345 4581 per
361 4511 429 4564 lanc
445 4513 644 4580 concoquendum
659 4511 755 4562 colaria
770 4517 795 4560 at
811 4509 911 4560 lunaria
922 4525 1011 4560 curcua
1022 4510 1177 4561 concordant
1188 4525 1295 4576 evunqe-

142 4592 204 4650 licae
219 4601 334 4650 ceritad.
369 4596 506 4665 Dionysiae
517 4599 605 4667 poenit
621 4599 778 4650 nativitatem
791 4593 887 4647 cernei
897 4611 951 4651 xxi.
964 4597 1039 4650 annia
1056 4597 1156 4648 tardior
1167 4613 1241 4667 quam
1254 4595 1295 4648 dc·
