3216 5152
339 369 424 427 XLVI

288 584 291 592 ,
339 537 456 596 agroque
468 523 608 589 cchcoata,
625 524 818 595 pronunciavit,
837 539 892 579 non
907 527 967 580 anto
983 541 1145 580 recasuram
1160 526 1197 580 ab
1210 542 1242 580 ea
1251 531 1481 599 potestatem-utque

338 610 478 682 imperium
493 625 524 662 ac
535 609 644 681 reipubl
661 609 773 664 formam
790 625 869 680 quam
885 609 1003 664 Christus
1019 610 1175 668 stranissct
1208 613 1279 666 llaec
1295 614 1352 684 ipsa
1364 615 1482 684 utriusque

340 696 416 766 regni
427 695 587 766 comparatio
599 711 652 748 non
662 695 826 750 mediocriter
837 695 870 748 ad
881 696 1063 750 illustrandum
1075 697 1208 751 cumulum
1219 697 1283 752 illud
1294 699 1414 768 pertinere
1424 699 1482 750 ride-

338 786 389 836 tur.
423 781 464 836 Ex
476 798 527 852 quo
540 796 702 852 consequens
714 785 755 834 cst
765 781 792 834 in
804 781 953 835 Alexandro
968 782 1076 835 minime
1090 782 1198 836 fatalem
1213 783 1289 836 illane
1300 783 1397 854 imperii
1412 783 1483 852 digni·

338 871 420 919 tatom
431 880 462 920 ac
474 871 631 938 potestatem
643 865 763 933 desiisse,
775 865 821 920 aad
831 873 892 937 pest
903 865 999 921 Christi
1009 867 1172 922 nativitatem
1184 872 1212 921 ei
1221 865 1329 922 Herodis
1340 869 1432 922 obitum
1446 884 1483 921 ex·

337 951 425 1022 tingui
441 952 571 1024 coepisse,
590 953 619 1006 in
633 953 797 1023 ipsojartam
812 952 886 1006 urbis
902 952 1003 1008 excidio
1019 953 1137 1008 maditus
1153 953 1272 1008 deletam.
1310 953 1413 1007 &eura
1426 953 1484 1024 apud

336 1035 482 1092 Perrerium
492 1043 612 1092 ιιοιιιοιο
622 1037 712 1108 legito.

406 1123 504 1176 Διιπεοι
515 1123 563 1196 γὰρ
575 1122 591 1190 ἡ
603 1121 685 1194 τάξις.)
703 1123 793 1188 'Quae
807 1122 850 1180 bic
866 1123 899 1178 ab
914 1123 1060 1195 Epiphanio
1080 1129 1230 1190 uarrmtur,
1250 1139 1335 1194 neque
1354 1139 1436 1178 seeum
1449 1139 1486 1178 co-

337 1206 457 1276 haerent,
476 1225 526 1264 noc
538 1225 598 1263 cum
615 1208 738 1263 historin
749 1209 800 1262 tide
817 1209 989 1264 consentiunt
1023 1210 1212 1282 Legitimorum
1230 1211 1386 1282 principum,
1406 1209 1446 1280 qui
1459 1209 1487 1262 de

336 1295 407 1348 tribu
417 1295 496 1349 Iudae
507 1295 669 1366 prodierant,
686 1295 781 1349 seriem
791 1295 954 1350 intercidisse
964 1301 1050 1366 putat,
1069 1311 1120 1366 qno
1132 1301 1262 1366 tempore,
1283 1297 1337 1349 imo
1354 1292 1427 1364 ἐξότε,
1445 1295 1488 1348 hoc

337 1383 378 1433 est
388 1385 560 1451 posteaquam
572 1379 689 1434 Christus
700 1380 845 1434 Bethleemi
859 1385 937 1434 natus
954 1386 1007 1450 ost,
1028 1381 1106 1452 idque
1123 1382 1171 1434 sub
1188 1381 1338 1436 Menandre
1353 1381 1487 1451 configisao,

338 1465 383 1536 qui
395 1471 542 1537 postremus
553 1481 589 1520 ex
600 1467 694 1520 illustri
706 1483 737 1520 ac
747 1467 821 1536 regia
831 1467 876 1520 illa
886 1467 988 1520 familie
1003 1466 1065 1531 init,
1082 1466 1190 1519 Herodis
1207 1472 1234 1520 et
1249 1467 1363 1537 Augusti
1380 1467 1488 1537 tempori·

337 1551 396 1606 bns.
429 1551 603 1616 Quaecmnia
613 1553 874 1624 perturbataauutet
889 1549 1063 1621 ιἰιάγιιλωοτα.
1097 1551 1187 1605 Placet
1201 1552 1290 1622 itaque
1305 1552 1427 1624 liquidnm
1439 1553 1488 1606 ille·

337 1651 396 1690 rum
408 1642 555 1709 temporum
566 1639 694 1692 rationem
705 1654 739 1691 ex
751 1636 861 1708 Iosephc
873 1637 982 1707 aliisque
994 1637 1123 1708 colligere.

404 1722 496 1778 Simon
507 1721 631 1778 lomthae
648 1739 679 1777 ac
694 1722 774 1778 Iudae
789 1721 957 1777 Macchaboei
972 1722 1052 1776 irater
1066 1722 1210 1777 Ptolemaei
1226 1723 1317 1793 generi
1332 1722 1427 1776 insidiis
1441 1737 1488 1776 mo·

336 1807 402 1862 ritur
413 1824 482 1863 anno
495 1808 654 1864 &cecorum
667 1809 723 1862 177.
740 1807 863 1863 lhlacch.
876 1824 932 1879 cap.
943 1825 997 1874 xus,
1011 1807 1063 1872 14,
1080 1809 1126 1878 qui
1137 1813 1163 1862 et
1173 1809 1325 1863 sabbaticus
1336 1813 1402 1874 erat,
1418 1823 1487 1878 qum·

337 1909 417 1964 quam
427 1893 553 1964 Iosephus
565 1910 634 1950 anno
645 1895 731 1966 priore
742 1894 768 1947 id
780 1894 906 1948 accidisse
917 1893 1060 1964 significet,
1071 1894 1134 1948 dum
1144 1899 1205 1965 post
1216 1893 1333 1948 Simonis
1344 1894 1439 1948 obitum
1448 1909 1488 1946 an·

337 1995 401 2033 num
413 1981 591 2046 sabbaticum,
608 1985 635 2034 et
651 1980 757 2050 quidem
768 1979 839 2033 haud
849 1978 973 2034 mediocri
987 1979 1136 2045 interuallo,
1156 1980 1273 2050 coepisse
1285 1980 1376 2033 scribit
1385 1979 1428 2034 lib.
1439 1995 1487 2032 xru.

336 2081 394 2137 cap.
406 2083 449 2121 xv.
475 2065 545 2136 Ergo
557 2082 626 2120 auno
638 2065 738 2137 periodi
747 2065 865 2119 Iulianae
876 2064 966 2130 4579,
983 2081 1073 2118 mense
1084 2083 1133 2130 xr.‚
1150 2063 1201 2119 hoc
1212 2071 1253 2119 est
1264 2064 1377 2131 Sebeth,
1388 2069 1487 2118 exeunte

335 2152 435 2206 scilicet
445 2150 543 2217 hieme,
555 2157 663 2206 necatus
675 2157 723 2206 cst.
758 2151 856 2205 Eodem
869 2165 938 2204 anuo
950 2151 1075 2204 successit
1084 2149 1195 2204 Ioannes
1206 2150 1343 2219 Hyrcanas
1355 2151 1410 2204 dus
1419 2149 1486 2204 fiius.

335 2236 385 2301 Qui
397 2237 502 2309 quidem
513 2253 574 2291 cum
585 2253 669 2291 annos
681 2255 747 2292 xxxr
757 2237 923 2308 imperasset,
941 2237 1048 2291 moritur
1059 2235 1155 2289 relictis
1165 2253 1182 2288 ν
1192 2235 1289 2291 liberis.
1312 2235 1433 2290 Succedit
1440 2235 1487 2288 Ari

335 2323 454 2376 stobnlru
466 2329 531 2376 natu
547 2324 692 2390 maximus,
714 2323 759 2394 qui
769 2323 869 2393 primus
881 2323 984 2393 regium
995 2321 1047 2375 sibi
1058 2320 1177 2375 decemo
1194 2323 1306 2392 sumpsit
1320 2331 1349 2376 ct
1363 2338 1429 2376 annu
1443 2336 1488 2374 nuo

335 2409 463 2478 regnarit
497 2407 554 2472 Quo
566 2415 668 2463 mortuo
680 2408 784 2462 Salome
796 2409 906 2473 coniux,
926 2423 1005 2478 quam
1018 2405 1112 2460 Graan
1127 2407 1301 2462 Alexandrum
1317 2412 1424 2473 vocant,
1440 2405 1488 2460 Ari·

335 2493 434 2547 stubuli
444 2492 550 2559 hanes,
566 2509 632 2565 qnos
641 2495 685 2548 ille
696 2495 724 2548 in
735 2494 846 2548 uinculis
861 2493 998 2558 habuerat,
1015 2493 1105 2556 soluit,
1123 2499 1150 2546 et
1160 2492 1303 2546 launacum
1313 2493 1488 2556 Alexandrum,

336 2577 381 2648 qui
401 2583 427 2632 et
443 2584 528 2634 cente
544 2585 571 2632 at
586 2579 763 2634 moderatione
778 2580 928 2651 praestabat
942 2578 1064 2644 οιιιιιίι,
1086 2594 1177 2648 regern
1193 2579 1339 2633 constituit
1372 2577 1489 2649 Repetit

334 2662 377 2718 hle
387 2680 470 2718 annos
482 2681 570 2730 xxrrr,
589 2666 750 2736 moriturque
761 2665 855 2719 acuns
867 2681 935 2718 anuo
947 2682 1003 2730 xu.,
1021 2665 1116 2718 relictis
1133 2679 1192 2717 cum
1210 2680 1292 2718 uxore
1303 2665 1450 2720 Alexandra
1463 2663 1489 2716 li·

334 2749 403 2804 beris
416 2750 518 2804 duobus
530 2751 652 2820 Hyrcano
670 2755 697 2804 et
711 2751 870 2805 Aristobulo.
904 2751 939 2804 At
958 2749 1107 2805 Alexandra
1121 2765 1205 2804 annos
1216 2767 1245 2804 rx
1261 2767 1374 2820 regnum
1390 2750 1489 2804 admini-

334 2836 433 2890 strarit
467 2834 531 2889 Post
541 2837 616 2890 cuius
628 2836 729 2890 obitum
740 2837 818 2890 ambo
829 2836 923 2891 banea
940 2836 978 2890 ita
993 2837 1100 2890 interm
1117 2841 1305 2901 convenerunt,
1323 2843 1354 2890 ut
1365 2837 1490 2907 Hyrcanas

333 2921 515 2992 pontificatum
524 2926 636 2987 teneret,
647 2921 814 2977 Aristobulus
823 2937 942 2993 regnum.
975 2921 1110 2992 Hyrcanas
1118 2937 1251 2976 summum
1259 2922 1433 2976 οιοιιάοιιιιιο
1439 2921 1491 2974 iniit

334 3007 407 3062 coss.
419 3007 557 3062 Hortensio
570 3014 595 3060 et
605 3008 726 3073 lietellc,
738 3008 783 3078 qui
795 3013 835 3061 est
846 3023 930 3062 annus
943 3005 1019 3062 Urbis
1037 3023 1153 3063 nuncu.
1187 3007 1217 3061 Iu
1234 3023 1313 3077 quem
1331 3009 1394 3062 anni
1407 3008 1444 3060 illi
1461 3021 1490 3059 cx

334 3091 444 3163 losepho
456 3093 609 3164 singillatim
618 3094 764 3147 enumerati
774 3093 903 3159 incidunt,
915 3094 938 3147 si
948 3107 1030 3147 annm
1042 3093 1171 3148 duntaxat
1180 3109 1214 3148 ox
1225 3095 1258 3148 iis
1269 3093 1421 3148 inchoatum
1431 3093 1490 3146 acci·

334 3179 400 3250 pias.
434 3179 485 3234 hist,
499 3177 541 3232 hic
553 3195 638 3233 annus
652 3196 706 3251 per.
727 3180 843 3233 lulianoe
862 3179 951 3245 tcta,
971 3185 1032 3233 aute
1051 3181 1188 3250 uulgarem
1206 3179 1303 3233 christi
1323 3176 1488 3242 natalembb,

332 3261 446 3334 Augusti
458 3280 542 3318 annus
553 3266 665 3336 primus,
682 3267 705 3319 si
717 3280 733 3318 a
744 3266 804 3320 Iulii
815 3265 932 3319 Caesaris
943 3281 1008 3318 nece
1022 3264 1171 3332 inchoetur,
1187 3265 1282 3319 condit
1291 3281 1362 3319 anno
1378 3264 1409 3319 U.
1418 3279 1489 3327 ocus,

332 3349 433 3420 periodi
450 3349 565 3404 Iulianae
576 3349 652 3404 4670.
686 3351 796 3406 Herodis
812 3367 874 3404 vcro
890 3351 1002 3421 primus,
1024 3367 1076 3421 quc
1096 3351 1195 3405 scilicet
1208 3367 1320 3421 regum
1337 3367 1356 3403 a
1374 3349 1488 3404 nummu

333 3439 488 3488 consecutus
498 3441 551 3500 est,
571 3436 679 3490 incurrit
694 3437 722 3490 in
739 3436 908 3490 Consulatum
920 3436 1029 3490 Domitii
1043 3435 1146 3490 Caluini
1160 3443 1187 3490 et
1198 3437 1283 3490 Asinii
1293 3436 1431 3500 Pollionis,
1449 3433 1487 3504 qui

261 3567 266 3578 .
301 3568 307 3581 ,
333 3527 373 3574 ιιι
390 3521 424 3575 ab
440 3519 472 3575 U.
484 3521 511 3574 Ο.
523 3521 593 3587 tlt,
605 3521 702 3592 period.
719 3521 812 3578 Iulian.
830 3521 920 3589 tcta,
936 3523 992 3576 aire
1009 3529 1040 3576 ut
1054 3523 1111 3588 alii,
1126 3523 1242 3593 Agrippa
1253 3527 1280 3574 et
1293 3521 1487 3582 taumiacus,

332 3621 385 3677 que
396 3621 466 3660 anno
477 3605 584 3676 pacifice
595 3622 705 3678 regnare
717 3608 815 3680 coepit,
834 3612 925 3678 astque
937 3607 968 3661 U.
977 3607 1006 3661 0.
1018 3607 1085 3674 tlt,
1104 3608 1200 3678 period.
1212 3607 1305 3663 Iulian.
1326 3607 1417 3672 tout,
1434 3609 1488 3659 ante

332 3693 469 3762 vulgarem
489 3689 585 3748 Christi
601 3693 715 3747 natalem
726 3693 768 3747 et.
809 3692 983 3757 Quarnebrem
1003 3694 1145 3748 Alexandri
1164 3693 1234 3746 illius
1255 3693 1342 3747 obitus
1363 3699 1403 3747 tet
1419 3691 1487 3744 anuh

333 3777 429 3831 Christi
440 3783 539 3842 οιιοοι,
551 3778 604 3832 imo
616 3784 643 3830 et
652 3779 767 3848 Augusti
777 3785 855 3849 ιιιιιιι
866 3779 975 3834 Herodis
987 3781 1125 3851 imperium
1141 3780 1293 3842 antecessit,
1311 3784 1402 3832 contra
1416 3791 1487 3848 quatu

331 3861 492 3934 Epiphanius
504 3863 615 3933 scripsit.
650 3861 718 3918 Nam
728 3864 850 3918 immonis
867 3860 1046 3936 ὰναχρονιομις
1066 3865 1184 3920 resarciri
1200 3871 1333 3935 utcunque
1349 3862 1486 3936 poterit,ei

331 3949 423 4003 luxata
433 3947 497 4003 haec
509 3953 535 4002 et
546 3949 630 4003 alieno
642 3949 699 4003 locu
711 3951 798 4020 posita
808 3950 918 4016 dixeris,
935 3948 1001 4011 ἔξιτε
1013 3949 1086 4011 αὖτις
1102 3956 1151 4006 ιιι.
1186 3949 1221 4003 Ut
1235 3951 1274 4004 ita
1284 3951 1392 4004 omniuo
1406 3950 1486 4020 legeu-

331 4034 393 4087 dum
404 4035 450 4088 sit:
486 4035 585 4086 Διιπωι
597 4032 644 4105 γὰρ
655 4033 671 4102 ὴ
685 4033 749 4096 τάξις
765 4034 831 4097 ἐξότε
843 4035 916 4097 αὐτὸς
928 4037 1039 4106 γευυιῖιιιιι
1050 4034 1075 4088 ἐν
1087 4034 1197 4107 Βηθλεὲμ
1208 4039 1250 4103 τῆς
1261 4034 1382 4096 Ἰουδαίας
1393 4033 1431 4086 aa
1441 4035 1486 4090 τοῖς

330 4121 428 4190 χρόνοις
440 4117 554 4190 Ἡρώδου
565 4125 610 4172 τοῦ
621 4119 742 4190 βασιλέως
751 4120 791 4173 καὶ
802 4121 945 4192 Αὐγούστου
957 4127 1001 4173 τοῦ
1013 4119 1144 4191 Ῥωμαίων
1159 4119 1347 4192 αὐτοκράτορος·
1383 4119 1422 4173 nul
1434 4115 1485 4181 ἔστη

293 4243 295 4248 -
330 4201 369 4256 brt
384 4202 545 4277 Ἀλεξάνδρου
561 4211 606 4259 τοῦ
618 4205 666 4258 decb
678 4205 762 4275 γάνους
774 4204 894 4277 ἱερατικοῦ
909 4206 949 4258 nul
965 4205 1091 4276 βασιλικοῦ
1108 4205 1149 4276 ἀφ’
1165 4200 1194 4259 οὗ
1210 4205 1371 4276 Ἀλεξάνδρου
1387 4205 1486 4258 διέπεσεν

331 4283 402 4351 οὗτος
415 4287 428 4342 δ
441 4289 544 4362 κλῆρος,
563 4289 612 4343 ἀπὸ
624 4293 722 4362 χρόνων
734 4291 811 4344 edroi
823 4309 848 4344 τι
860 4291 900 4344 aul
909 4291 1043 4356 Σαιλίνας,
1061 4296 1103 4358 τῆς
1112 4291 1153 4344 aul
1162 4290 1321 4363 Ἀλεξάνδρας
1330 4289 1484 4361 καλουμένης.

329 4373 357 4435 δι
369 4374 410 4428 aad
422 4373 542 4447 διάδημα,
555 4383 603 4432 etc
637 4377 692 4430 flac
704 4377 810 4448 quidem
820 4377 920 4432 ratione
931 4378 1018 4432 labem
1026 4377 1098 4432 iilam
1105 4379 1219 4448 priorem
1227 4379 1396 4442 evitabimus,
1407 4389 1485 4444 noque

330 4461 471 4516 Alexandri
487 4463 588 4518 exitum
605 4477 665 4516 cnm
681 4462 778 4518 Christi
794 4468 852 4517 ortu
867 4463 1055 4534 copulabimus
1090 4464 1187 4518 Verum
1197 4463 1257 4518 huic
1268 4464 1429 4518 coniecturae
1443 4475 1485 4513 uo·

330 4550 468 4602 euoenon
483 4547 623 4604 &modum
642 4549 807 4604 confidimus.
841 4547 942 4621 Quippe
962 4551 990 4604 in
1007 4547 1109 4604 haeresi
1123 4565 1159 4604 ar.
1176 4550 1267 4604 ιοιὶιοι
1282 4565 1348 4621 pene
1367 4547 1485 4602 ιιιιοιιιι

330 4631 449 4702 σύγχυσις
460 4633 494 4686 ab
505 4633 649 4706 Epiphanio
661 4637 777 4706 repetita
812 4635 884 4701 Quae
895 4643 925 4691 ut
933 4642 1064 4708 postremo
1076 4635 1232 4708 cungmca
1241 4636 1369 4701 rideatur,
1381 4632 1483 4690 mudu-
