3200 5158
1179 363 1267 420 CXXI

113 519 235 574 diustius
257 520 341 590 Igitur
352 517 463 584 Τοοοὼ,
475 519 530 574 siro
542 535 568 574 x.
579 518 678 574 mensis
689 519 747 574 iniit
758 519 820 575 Dec.
829 535 901 576 xm.
924 517 997 574 Unde
1008 517 1121 574 leonorii
1132 537 1156 574 ν.
1168 519 1267 574 Tebeilr

112 605 165 659 dies
177 610 235 658 eret
245 623 317 671 mn,
332 611 409 660 sextu
421 621 481 660 vero
493 604 547 659 lun.
557 623 610 660 τιν.
645 605 676 658 ln
688 621 738 675 quo
751 605 837 670 rides,
852 604 879 659 id
894 605 963 676 quod
980 603 1116 658 methodus
1127 609 1217 658 nostre
1226 622 1266 659 re·

111 691 249 760 promittit,
264 690 372 746 biduum
383 691 437 746 iere
449 691 502 744 ism
514 691 668 760 euticipeese
679 691 843 745 neomeniam
860 691 975 756 civilem,
991 707 1051 744 cum
1067 688 1174 744 dimidie
1184 690 1267 760 perio·

111 776 156 830 dus
169 775 326 832 effinxisset.
348 775 415 830 Nem
427 793 443 830 s
454 795 526 831 τινι.
538 776 599 830 Dec.
612 775 645 830 ed
656 793 727 844 ων.
738 775 894 830 retrocessit.
914 775 998 840 Quare
1009 776 1051 829 rel
1062 774 1104 828 hic
1116 791 1183 830 unns
1193 775 1267 830 loeus

110 861 223 914 ostendit
233 879 282 916 nos
292 879 346 932 per.
358 862 430 916 illem
441 861 474 916 ed
485 861 622 932 epiphanii
638 863 751 916 cotiones
767 859 941 931 εὐαιοχὼτατα
953 861 1104 932 digessisse.¹
1124 861 1188 916 Vide
1199 862 1268 917 inire

109 946 135 1000 in
146 947 193 1000 ills
203 946 322 1002 Distribs
333 945 364 1001 de
375 947 499 1002 Pessione
510 947 623 1001 Domini.

174 1031 246 1084 Κατὰ
257 1030 398 1099 Ἀθηναίους
410 1032 652 1104 Μαιμακτηριῶνοςᾶ
683 1032 832 1086 lonearium
843 1031 1013 1086 Athenienses
1022 1032 1267 1088 Mncmncerionem

108 1123 242 1172 uocarunt.
260 1117 378 1182 Quodne
390 1119 449 1189 quis
461 1135 546 1172 errore
554 1118 759 1174 libreriiiuctum
767 1123 852 1188 putet,
864 1117 1007 1172 affirmetur
1019 1134 1053 1172 ex
1065 1134 1096 1172 eo
1109 1119 1178 1188 quod
1188 1120 1266 1189 psulo

108 1210 166 1274 post
174 1203 302 1258 Noromb.
311 1203 527 1274 Melegitnionem
537 1204 660 1274 appellet.
678 1203 726 1258 Est
733 1207 821 1256 cotem
828 1202 870 1258 hic
879 1203 953 1257 locus
964 1202 997 1257 ed
1005 1203 1084 1258 Attici
1095 1204 1169 1268 euni,
1181 1204 1267 1258 cuius·

107 1288 178 1342 modi
185 1305 235 1360 per
245 1290 290 1342 ille
298 1293 416 1360 tempore
424 1289 487 1354 fuit,
500 1304 530 1342 ec
542 1289 674 1343 mensium
683 1287 877 1358 dispositionem
885 1289 1081 1358 intelligendum
1089 1290 1269 1344 observatione

107 1373 287 1444 dignissimus.
303 1374 420 1428 Primum
432 1375 503 1428 euim
513 1375 625 1428 solerem
637 1389 735 1428 annum
745 1373 827 1427 inisse
839 1375 912 1428 docet
923 1391 1064 1433 cousensus
1072 1375 1266 1430 Meemucterio·

106 1460 146 1514 uis
158 1476 221 1514 cunr
234 1460 362 1514 lenusrio.
387 1459 438 1514 Sed
450 1460 589 1514 videndum
601 1458 732 1529 quodnam
743 1460 805 1512 nuni
816 1466 895 1530 ceput
904 1459 988 1514 fuerit.
1010 1459 1112 1514 Primus
1123 1460 1267 1514 Atticorum

106 1545 238 1599 mensium
254 1545 464 1600 liscetombeeou
480 1545 543 1610 init;
561 1560 578 1597 τ
594 1561 659 1615 quo,
676 1545 699 1598 si
712 1544 796 1600 Grues
813 1544 954 1609 credimus,
972 1549 1079 1614 quartus
1097 1551 1138 1598 est
1152 1546 1267 1600 direme-

5 1669 6 1672 ,
106 1632 221 1696 sterion,
240 1629 372 1700 scaligero
384 1647 445 1684 νοτο
458 1630 573 1700 quintus.
597 1628 685 1683 Utrius
697 1631 781 1684 verior
791 1629 878 1700 opinio
890 1629 984 1684 sithoc
994 1630 1052 1684 loco
1065 1629 1265 1700 disquirendum.

105 1715 162 1770 Duo
173 1717 203 1770 in
217 1716 380 1770 ordinanone
391 1715 521 1770 mensium
534 1715 620 1770 Gerre
632 1719 715 1768 erratu
726 1715 831 1785 corrigit
842 1714 970 1784 Sceliger:
994 1713 1103 1770 alterum
1116 1717 1185 1786 quod
1196 1717 1267 1770 Mee-

4 1827 6 1834 >
106 1808 181 1856 meet
203 1821 242 1856 ιν.
268 1802 325 1855 loco
351 1802 468 1872 posuerit
493 1802 568 1872 eique
588 1801 795 1870 Pyunepsiouem
817 1800 968 1866 subiecerit,
989 1800 1098 1854 ultorum
1124 1801 1193 1871 quod
1215 1801 1267 1856 dn·

4 1927 6 1934 ,
105 1886 293 1942 ὼινιοτὶοιιοιο
317 1893 377 1958 post
401 1886 607 1956 Pyeuepsioneru
629 1885 805 1951 collocaverit,
829 1886 943 1938 instante
964 1886 1017 1940 ium
1037 1884 1131 1942 hieme.
1171 1886 1267 1942 (lontre

4 2015 6 2021 .
105 1989 170 2042 quse
194 1972 314 2044 Srrliger
337 1971 562 2034 Anihcsteriouem
586 1987 695 2024 vernum
715 1987 833 2025 mensem
855 1987 912 2024 esse
941 1977 968 2024 et
995 1971 1056 2041 μετὰ
1078 1974 1188 2042 χειμῶνα
1215 1977 1267 2026 ets·

103 2059 164 2122 tuit,
182 2057 256 2112 uude
271 2051 332 2128 post
348 2056 496 2127 Γαμηλιῶνι
512 2056 659 2122 coustituit,
676 2057 921 2110 Msemecteriouem
937 2073 998 2110 vero
1015 2057 1198 2127 praecipitanti
1214 2059 1267 2112 ism

104 2149 234 2196 autumno
254 2143 356 2207 tribuit,
372 2143 491 2211 quintum
508 2142 597 2196 ordino
612 2147 639 2196 et
654 2157 670 2195 o
685 2141 863 2212 Pysnspsioue
879 2143 1035 2212 proximum.
1059 2141 1197 2213 Utriusque
1208 2160 1266 2198 een-

104 2229 214 2294 teniisc,
230 2233 259 2280 ut
270 2243 286 2281 υ
297 2228 392 2282 lectore
403 2228 505 2282 facilins
516 2228 681 2299 percipietur,
693 2228 846 2282 laterculum
857 2228 1022 2282 subiecimus.

459 2450 678 2505 MENSES
710 2450 914 2506 ATTIOI.

5 2565 1266 2676 ·‘†“‘—i——

340 2759 433 2830 Orpreoi
685 2697 689 2744 Ι
941 2759 1035 2831 Θτρινοί

103 2860 295 2932 Ἐκατομβαιὼν
712 2860 898 2931 Ἑκατομβαιὼν

103 2945 285 3017 Μεταγειτνιών
712 2947 889 3017 Μεταγειτνιών

4 3039 16 3067 ὶ’
103 3031 267 3104 Βοηδρομιὼν
712 3031 871 3104 Βοηδρομιὼν

319 3184 452 3258 Ὀτωρινοί
922 3183 1055 3256 Ὀτιυρινοί

6 3309 13 3326 ‘-
103 3289 299 3360 Μαιμακτηριὼν
713 3288 852 3359 Πυανεψιὼν

4 3373 9 3394 ⁴
103 3375 247 3446 Πυανεψιὼν
713 3373 902 3446 Μαιμακτηριὼν

4 3475 9 3504 ·-
102 3459 279 3531 Ἀνθεστηριὼν
713 3459 848 3512 Ποσειδεὼν

316 3615 449 3701 Χειμιρινοί
921 3615 1052 3686 Χειμτρινοί

4 3737 7 3767 ι
103 3717 243 3771 Ποσειδεὼν
712 3717 842 3787 Γαμηλιὼν

6 3831 8 3836 .
103 3802 237 3873 Γαμηλιὼν
712 3801 885 3873 Ἀνθεατηριὼν

5 3911 14 3936 ι
103 3887 296 3958 Ἐλαρηβολιὼν
711 3885 900 3959 Ἐλαφηβολιών

5 4111 7 4114 .
331 4040 435 4113 Ἐαρινοί
821 4050 824 4058 ’
935 4041 1041 4113 Ἐαρινοί

4 4201 5 4204 ,
103 4143 252 4215 Μουνυχιὼν
711 4145 857 4215 Μουνυχιὼν

6 4283 10 4290 .
105 4227 254 4300 θαργηλιὼν
711 4229 857 4300 θαργηλιὼν

104 4313 288 4386 Σκιρροφοριὼν
710 4313 891 4386 Στιῤῥοροριὼν

170 4453 202 4506 ln
214 4451 263 4506 lunc
275 4452 418 4506 Atticorum
430 4452 559 4506 meusium
570 4452 720 4508 recensione
732 4451 859 4523 quaedem
870 4458 938 4507 recte
950 4453 1067 4523 Scsliger
1077 4453 1200 4508 edversus
1214 4453 1264 4508 or-
1291 4483 1312 4522 ρ.
1322 4473 1364 4514 ise

4 4591 6 4630 ;
106 4553 163 4592 erm
173 4537 303 4604 defendit,
314 4539 366 4592 ulie
377 4553 512 4610 perperam
523 4555 553 4592 ec
564 4537 640 4594 iulso.
661 4537 735 4602 Quod
747 4538 816 4592 enim
828 4537 1051 4592 Anthesteriouem
1062 4540 1141 4593 verrio
1154 4542 1265 4611 tempori

4 4627 11 4642 '
107 4623 240 4689 mscnbit,
257 4641 310 4679 uon
320 4624 497 4680 inclinetirem
509 4629 648 4695 autumno,
661 4625 792 4696 praeclure
803 4624 873 4680 iecit
896 4623 948 4678 Sed
959 4623 991 4680 de
1002 4625 1220 4682 Moemectmioue
1231 4642 1262 4682 ec
