3216 5152
1136 431 1141 446 μ
1203 365 1265 424 m

174 529 250 591 nour
260 529 344 602 Σιηὴ.]
369 529 522 600 legendum
533 528 640 584 omnino
651 527 728 590 Bnt'oe
740 526 781 580 καί
793 525 867 597 Σιγὴ,
882 530 913 580 ot
928 526 956 580 iu
967 524 1076 578 sestario
1087 522 1202 594 peribus.
1227 523 1265 576 Ao

114 631 166 670 cunr
177 620 232 670 tota
243 617 289 670 illa
300 616 380 670 series
391 615 460 686 apud
471 615 606 668 irenaeum
620 619 647 667 et
657 613 844 668 Tertullianum
860 613 970 682 legatur,
985 609 1047 682 quid
1063 608 1132 682 apud
1146 607 1264 678 singulos

112 701 235 756 disemum
246 703 283 756 sit
292 719 341 758 suo
352 703 410 756 loco
422 701 563 754 docebitur.
1284 745 1287 752 ,

156 785 187 842 N.
198 805 237 844 m.
256 787 331 842 Οὔτοι
343 784 390 858 γίμ
403 805 462 857 φασι
473 786 514 838 καί
525 784 548 838 oi
559 784 613 856 coepi
624 784 667 837 rte
679 783 815 850 Ἡσίοδον]
838 783 904 838 Gum
914 782 1041 838 vocabolo
1051 782 1123 852 ipsa,
1134 786 1191 834 tum
1202 778 1265 834 erdo

110 872 208 926 illorum
222 889 254 926 se
271 874 351 928 series
366 873 506 944 plurimum
518 872 552 926 ab
562 871 689 927 Hesiodea
700 871 745 926 illo
757 870 876 940 catalogo
893 869 1047 940 discrepent.
1079 866 1134 920 Sed
1148 865 1177 920 iu
1187 865 1265 935 nugis

111 956 260 1028 μιαρολογίῖν
272 959 392 1029 putidum
403 965 450 1012 est.

171 1041 202 1096 N.
215 1061 250 1100 ιν.
271 1043 309 1097 ’ld
320 1043 347 1098 et
358 1044 425 1115 παρὰ
438 1043 583 1114 φρονίμη]
607 1041 722 1096 Obscura
737 1047 764 1094 et
776 1041 897 1094 intricata
908 1040 1039 1096 Valentini
1049 1038 1113 1092 hoec
1124 1043 1164 1092 est
1175 1037 1265 1092 cretio.

109 1127 193 1184 Priora
203 1129 310 1201 quidem
321 1131 367 1184 illa
377 1130 552 1200 inscriptionis
562 1129 702 1182 termulam
712 1127 869 1197 praeierunt.
891 1125 1027 1182 Caeterum
1037 1124 1087 1180 hoc
1099 1126 1185 1196 ipsum
1196 1123 1266 1194 treg-

109 1220 221 1268 meutum
236 1232 323 1286 neque
339 1216 502 1270 evalentiuo
518 1216 656 1284 scriptum,
670 1230 755 1284 neque
766 1229 861 1284 purum
872 1227 902 1266 eo
913 1217 1006 1282 putum
1014 1211 1084 1266 illius
1093 1210 1189 1280 dogma
1196 1225 1266 1264 com·

109 1300 235 1370 plectitur,
254 1301 301 1356 sed
313 1303 346 1354 eb
358 1301 413 1354 eine
426 1301 557 1371 discipulis
569 1299 767 1370 interpolatum,
778 1307 808 1352 nt
819 1315 852 1352 su
864 1297 969 1353 Tertull.
980 1297 1118 1366 colligitur.

170 1384 233 1438 otu
245 1385 294 1458 γὰρ
306 1384 383 1456 ἀρχῆς
396 1383 409 1438 ὁ
422 1383 595 1456 Αὐτοπίιτοιρ]
616 1385 767 1456 Lugendum
779 1385 898 1438 erbitrorz
917 1379 957 1434 ire
969 1380 1016 1454 γὰρ
1028 1380 1053 1442 ii
1064 1379 1149 1452 ἀρχῆς.

170 1471 240 1524 Μετὰ
251 1475 326 1524 τοῦτο
339 1471 365 1524 δὲ
376 1470 392 1538 η
402 1471 483 1542 depol]
505 1469 637 1534 Quantum
648 1471 675 1524 io
686 1470 855 1524 tenebricosis
866 1468 1057 1539 implicetisque
1067 1466 1163 1522 fabulis
1175 1466 1267 1538 dispici

109 1561 203 1626 potest,
215 1555 266 1610 hoc
279 1558 365 1628 ipsum
376 1556 523 1627 significare
535 1555 648 1609 ridetnr=
670 1555 751 1626 Sigen
762 1573 777 1608 e
788 1553 874 1624 Bytho
887 1554 990 1608 Patrem
1002 1554 1125 1624 genuisse
1136 1552 1266 1616 Veritatis,

110 1647 160 1694 tum
174 1658 236 1696 vero
252 1659 314 1696 cum
331 1643 422 1696 eodem
439 1643 483 1696 illo
501 1657 579 1712 quem
594 1648 721 1712 genueret
736 1642 882 1710 copuletum
893 1640 1035 1694 Veritatem
1047 1638 1165 1694 sdidieee.
1192 1637 1266 1700 Quod

110 1727 178 1780 elitsr
188 1727 260 1798 epod
272 1728 337 1782 lreu.
352 1734 378 1781 st
388 1728 494 1782 Tertull.
505 1727 608 1798 legitur.
637 1727 705 1780 Nuus
722 1743 756 1779 ex
768 1723 852 1794 Bytho
869 1731 895 1780 et
906 1725 970 1794 Sige
981 1725 1073 1778 umbos
1084 1724 1143 1778 illos
1155 1723 1266 1787 Aeones,

109 1811 206 1866 Patrem
217 1814 274 1866 sive
285 1812 359 1878 Nun,
370 1817 397 1868 et
406 1814 547 1869 Veritatem
558 1817 692 1882 susceptos
704 1817 831 1866 esserunt.

171 1896 201 1950 “ll
214 1894 340 1969 ἄφθαρτος
348 1896 455 1966 elmete]
471 1898 534 1968 Leg.
544 1895 605 1950 οιίὼν
614 1915 660 1968 μισ
670 1895 763 1952 olonis.
780 1897 846 1950 Nam
856 1897 1000 1952 etieminas
1009 1895 1268 1950 AeonesVeleutinue

115 1985 275 2038 nominabat.
297 1984 402 2038 Tertull.
415 1991 505 2039 contre
516 1985 617 2038 Valent.
630 1997 685 2054 cup.
698 2001 740 2040 rr:
757 1984 903 2036 Nouissima
915 1990 976 2034 uoto
987 1985 1074 2035 Aeon:
1089 1983 1269 2034 siden'tsolos·

110 2073 207 2133 σιἰπιιισ,
218 2069 319 2140 Sophia
331 2074 395 2122 enim
408 2089 492 2124 ποπιοιι
504 2079 548 2125 eet.

170 2154 299 2226 Μητριιιὴν
311 2155 504 2226 προενεγκαμένη
517 2153 681 2227 limitatione]
707 2153 784 2208 Forte
795 2153 940 2224 Πμοῦνιιιίοιν
950 2169 998 2224 pro
1008 2153 1124 2209 libidiuie
1139 2153 1268 2209 illecebris

109 2241 229 2310 sumpsit,
249 2247 280 2293 ut
297 2239 401 2312 μητρυιὴ
414 2237 462 2292 ἀπὸ
475 2244 517 2308 τῆς
530 2241 622 2312 pelope<
634 2241 773 2294 deductum
788 2240 831 2293 sit.
857 2238 982 2310 Origenes
993 2240 1021 2296 in
1033 2239 1138 2294 Celsum
1153 2247 1267 2294 tormer:

110 2324 242 2394 Προίνιιιὴν
258 2326 287 2379 δέ
295 2344 348 2379 τινα
360 2327 447 2397 σοφίαν
460 2325 482 2380 oi
494 2323 542 2378 ἄπο
555 2325 716 2380 Οὐαλεντίνου
728 2321 876 2396 ὀνομάζουσι
887 2323 951 2378 κατὰ
963 2323 1006 2392 τὴν
1019 2324 1203 2396 πεπλανημένην
1214 2323 1269 2378 ίαν-

109 2415 155 2462 ιῶν
168 2411 266 2481 σοφίαν·
279 2405 307 2478 ἧς
320 2411 446 2483 σύμβολον
459 2407 518 2466 εἶναι
530 2411 659 2482 βούλονται
671 2411 711 2464 eui
723 2411 820 2464 δώδεκα
831 2407 905 2464 ἔτεσιν
918 2409 1106 2482 σίμοῤῥοοῦσαν.
1126 2410 1270 2466 Sedunum
1285 2399 1290 2406 ⁶

108 2497 237 2568 quendem
255 2513 285 2550 sc
303 2499 464 2568 singulorum
482 2497 617 2568 Προῦνιιον
634 2515 651 2552 a
667 2498 857 2554 Veientinianis
873 2497 1030 2568 appelletem
1046 2513 1099 2552 uon
1116 2501 1192 2568 puto,
1209 2514 1269 2552 cum

108 2580 257 2652 Ηρούνίιοιις
268 2583 370 2637 Aeones
383 2599 473 2638 omnes
484 2583 685 2654 nuncupaverit,
696 2583 747 2638 hoc
758 2583 863 2656 quidem
873 2584 900 2638 iu
912 2583 987 2640 libro.

169 2667 202 2724 N.
214 2687 253 2724 rr.
270 2665 341 2730 Ἥιις
355 2667 433 2735 teddo
451 2673 502 2730 rote
520 2669 605 2740 prout]
631 2669 698 2734 Quid
714 2667 822 2724 οίΑίῶοι
838 2686 885 2740 pro
901 2669 966 2739 porei
982 2670 1121 2741 legendum
1138 2670 1190 2724 sire
1215 2669 1268 2724 Sed

108 2769 171 2824 quae
183 2760 330 2826 sequuntur
341 2756 467 2826 perplexa
478 2761 539 2808 suut
550 2755 690 2809 edmodum
702 2761 729 2810 et
740 2755 858 2809 obscure

170 2839 201 2893 N.
214 2857 254 2894 rx.
271 2837 317 2893 Ἐκ
326 2843 375 2892 τῶν
384 2845 428 2893 τοῦ
438 2839 528 2912 ἃηίον].
545 2841 689 2894 Plurimum
697 2841 739 2894 rel
750 2840 800 2894 hoc
810 2857 862 2894 nne
874 2842 980 2894 numine
991 2840 1023 2894 de
1035 2841 1107 2894 omui
1117 2842 1268 2912 posteritate

106 2926 210 2982 meritus
220 2931 264 2980 eet
271 2925 443 2997 Epiphanius,
456 2925 526 2997 qnod
537 2927 593 2980 eius
605 2927 690 2981 studio
702 2927 801 2980 tactum
813 2932 865 2992 cst,
878 2931 908 2980 nt
919 2927 1018 2980 lreneei
1030 2927 1178 2997 magmenta
1189 2943 1268 2998 quae·
1294 2941 1316 2984 t·
1329 2931 1361 2974 ⁶¹·

108 3011 165 3064 dem
182 3029 217 3066 ex
234 3017 309 3066 tauto
326 3013 396 3066 illius
414 3027 521 3082 operum
538 3012 676 3082 neuiregio
693 3016 868 3083 superessent.
893 3011 947 3066 Nos
965 3028 997 3066 ea
1013 3029 1072 3066 cum
1083 3013 1177 3066 Latine
1187 3014 1268 3068 veteri

106 3097 331 3168 interpretatione,
343 3096 413 3168 quod
424 3098 486 3152 olim
497 3097 591 3152 Billius
602 3097 711 3163 feceret,
729 3097 866 3168 diligenter
877 3099 1047 3162 contulimus,
1064 3104 1090 3150 et
1100 3103 1203 3152 nostres
1214 3097 1267 3152 Bil-

107 3181 183 3253 liique
194 3184 358 3237 coniectores
369 3182 402 3236 ed
415 3184 560 3253 marginem
571 3183 768 3254 adscripsimus,
784 3199 869 3252 neque
884 3183 1025 3254 quicquam
1039 3183 1092 3237 uisi
1106 3201 1139 3238 ex
1151 3189 1268 3238 veterum

106 3284 183 3322 msnu
194 3273 364 3324 euenturum
374 3268 427 3325 tide
437 3269 464 3322 iu
476 3271 601 3322 contutu
612 3269 669 3339 ipso
681 3269 849 3323 mutavimus.

170 3353 203 3409 N.
214 3373 243 3410 x.
261 3352 315 3408 Οίι
326 3352 474 3421 ίπιζητηοιις
487 3353 513 3406 di
525 3353 582 3424 παρ’
593 3352 683 3423 ἡμῶν]
712 3353 785 3418 Quod
796 3369 932 3426 perpetem
943 3361 1021 3409 sutae
1032 3354 1136 3427 Δίλφοις
1147 3373 1193 3427 pro
1206 3355 1267 3410 liel-

107 3443 156 3502 ιοῖς
165 3441 312 3512 legebatur,
324 3456 361 3494 ex
369 3439 435 3510 Bag.
449 3439 510 3494 cod.
522 3439 659 3494 autoritate
671 3439 832 3494 sustulimus.

171 3525 203 3580 N.
216 3543 253 3580 xr.
271 3525 317 3578 Καὶ
328 3525 444 3578 καθίσσαι
454 3522 488 3585 ὡς
500 3522 525 3577 ίν
537 3525 640 3596 μήτρᾳ]
656 3525 779 3596 Expung.
791 3523 838 3578 καί.

172 3605 243 3664 Elem
254 3607 302 3684 γὰρ
314 3609 396 3664 αὐτῶν
408 3609 531 3678 ἕκαστον]
556 3609 648 3664 Utrum
663 3611 781 3666 Aeonum
798 3611 940 3682 quemlibet
954 3610 1192 3684 hermaphroditum
1209 3631 1267 3670 esse

108 3695 390 3761 volueritValentinus,
403 3712 437 3749 sn
448 3697 521 3767 perie
533 3697 589 3766 ipso
597 3697 683 3766 potius
695 3697 824 3766 intelliget
836 3714 870 3750 ex
881 3698 947 3751 mori
955 3697 1104 3769 feminaque
1114 3703 1267 3768 coustantio,

109 3781 219 3836 dubitari
229 3779 298 3834 haud
309 3781 437 3836 immerito
449 3797 511 3834 eene
522 3788 615 3853 potest.
641 3781 692 3835 Per
708 3782 812 3853 quidem
826 3783 913 3853 ipsum
930 3781 1079 3854 ιἰῤῥενόθηλυ
1090 3784 1206 3840 hocloco
1221 3803 1267 3840 uo·

108 3865 200 3922 minori
211 3867 303 3922 docent
315 3884 347 3922 ee
358 3883 425 3936 quae
436 3867 615 3922 subiiciuntur.
643 3867 708 3922 (lum
723 3869 795 3922 enim
810 3869 921 3923 dixisset
936 3863 995 3922 ιίνοιι
1011 3866 1058 3940 γὰρ
1071 3869 1152 3922 αὐτῶν
1165 3870 1267 3924 tenerer

110 3949 269 4022 ὶβρινόαηλυν
282 3951 374 4022 οὕτως,
389 3951 519 4022 quomodo
535 3951 562 4006 id
577 3953 624 4006 liat
639 3953 751 4008 ostendit
767 3955 794 4008 in
804 3955 987 4024 sequeutibns;
1003 3955 1073 4025 qnod
1084 3961 1110 4008 et
1120 3957 1196 4010 Peter
1207 3974 1268 4012 cum

109 4037 226 4104 Ennoea,
237 4044 264 4093 et
274 4053 345 4092 mare
357 4038 464 4092 oeeteds
476 4053 536 4090 eum
548 4038 603 4090 suie
615 4039 777 4108 compuribus
787 4041 917 4093 coniuncti
928 4041 989 4094 sint.
1006 4039 1095 4112 ltaque
1105 4037 1266 4112 ὂηίρινοθηλυν

110 4123 198 4177 ἰσοίῐσο
214 4124 334 4178 nominat
349 4123 411 4194 quie
426 4123 551 4192 coniuges
568 4129 637 4176 sunt.
663 4123 743 4194 Atqui
753 4125 929 4178 Valentiniani
945 4125 996 4196 ipsi
1013 4123 1174 4195 ἀῤῥενόίηλυν
1189 4127 1266 4180 nouo

110 4209 224 4264 monum
235 4209 378 4280 principem
390 4215 416 4262 st
427 4209 555 4278 originem
572 4209 599 4262 iu
613 4209 679 4262 libro
691 4225 739 4262 suo
751 4215 845 4263 vocent
856 4209 886 4262 N.
893 4211 923 4264 V.
949 4209 983 4262 Et
997 4227 1057 4264 cnm
1068 4209 1204 4266 Tetrsdem
1221 4231 1268 4284 po·

111 4295 254 4359 steriorem,
269 4294 398 4348 Deeadem
410 4309 441 4348 eo
452 4293 614 4348 Dodecedem
631 4301 780 4359 numerent,
797 4292 959 4365 ἆῤῥινόίηλον
975 4301 1112 4366 unumque
1127 4299 1267 4368 appellent,

111 4395 161 4434 nou
172 4379 241 4450 qnod
252 4381 350 4450 singuli
358 4379 460 4434 Aeones
468 4379 671 4450 hermaphroditi
681 4385 777 4445 essent,
788 4379 834 4432 sed
843 4381 913 4449 quod
921 4382 994 4451 peris
1001 4379 1026 4432 lv
1035 4385 1065 4452 τῇ
1074 4379 1149 4453 ὁμάδι
1157 4385 1267 4438 marium

111 4463 313 4538 feminarumque
325 4466 525 4521 continerentur.
553 4465 678 4530 Quocirca
689 4465 753 4518 nihil
769 4465 802 4518 ed
813 4463 881 4519 huuc
892 4465 991 4520 lreneei
1006 4467 1105 4533 lorum,
1122 4473 1152 4522 ut
1168 4469 1267 4540 opinor,

113 4551 222 4620 pertinet
237 4551 305 4622 quod
322 4551 450 4606 e'lertull.
462 4549 577 4617 effertur,
591 4550 658 4604 libro
674 4551 808 4606 overent.
819 4567 876 4622 cap.
889 4569 982 4606 rrxrrr
1006 4538 1169 4607 Atii'contra
1184 4557 1268 4624 suopte

114 4645 136 4688 et
144 4637 280 4692 πσισιιίιιπ
291 4646 316 4692 et
319 4640 446 4708 smirnos
458 4639 556 4702 αι’σιιιιι,
569 4655 600 4692 πο
611 4639 682 4712 opud
691 4637 758 4704 soloe
766 4636 894 4695 tuneroes
902 4637 1135 4714 temptemus
1146 4644 1268 4698 σαιοιίιιιιι
