3200 5158
328 397 455 454 LXXXII

328 571 410 610 ennos
421 554 568 618 rediissent,
581 553 674 624 Negoe
686 569 731 608 ees
742 554 878 608 invenisse.
905 553 1032 610 Horrore
1048 571 1182 627 nunqnam
1199 555 1302 628 scripsit
1316 555 1484 627 Epipbsnius.

328 641 411 706 Quere
419 639 592 694 hallucinatus
601 644 642 693 est
650 638 840 694 eruditissimus
849 639 893 692 iile
904 640 1100 711 evangeliorum
1110 643 1246 712 interpres.
1263 641 1317 696 Neo
1328 641 1388 696 ideo
1399 647 1487 696 temen

327 733 428 780 tantum
439 727 603 790 commeruit,
621 731 651 780 ut
666 723 849 779 eCesenbone
866 729 920 780 tero
937 725 1104 782 inclementer
1114 743 1145 782 eo
1162 728 1250 799 putide
1264 733 1400 783 nouretur
1414 735 1441 781 et
1451 729 1487 781 ri·

327 813 516 866 minutissimus
528 827 558 864 αο
570 810 828 864 moledieentissimne
837 811 946 880 scriptor
954 813 1126 882 sppelleretur
1136 813 1164 866 in
1176 814 1221 866 iiio
1232 829 1309 884 opere
1320 813 1392 883 qnod
1402 815 1487 884 ipsum

328 916 362 951 ex
371 899 505 951 virulentis
517 897 652 950 calumniis
664 901 691 950 et
705 895 840 950 haereticis
853 897 1019 968 opinionibus
1030 905 1181 954 oontextum
1193 898 1316 952 sdvemue
1325 898 1489 952 Berouisuoe

327 984 441 1038 Anneles
453 983 551 1038 effudit.

395 1067 438 1130 Ὦς
450 1067 483 1129 εἰς
494 1067 537 1135 τὴν
550 1069 682 1138 πανήγυριν
693 1067 805 1134 tudens]
826 1066 911 1131 Quem
926 1068 1030 1124 tandem
1045 1069 1088 1124 bie
1105 1071 1237 1141 πανήγνρτν
1249 1069 1379 1140 intelliget
1390 1069 1488 1124 nendo.

328 1156 434 1209 Videtur
444 1155 496 1208 looi
505 1154 587 1219 iilius,
605 1154 632 1208 iu
647 1169 698 1223 qno
710 1158 788 1206 uetus
801 1159 856 1208 eret
867 1153 999 1220 domiuus,
1017 1155 1170 1210 oeiebntem
1186 1156 1339 1212 memorien
1355 1154 1491 1226 seed-sepo

328 1241 467 1311 eppelisre.

394 1325 426 1378 N.
439 1344 464 1378 x.
487 1324 531 1394 Τῷ
543 1323 590 1394 γὰρ
600 1327 739 1395 τριακοστῷ
750 1323 847 1394 τρίτον]
869 1323 907 1379 De
916 1324 958 1379 bis
970 1327 1114 1380 eoonrstius
1125 1327 1203 1396 pendo
1214 1331 1275 1397 post
1285 1341 1402 1396 egmnus

396 1410 441 1462 Διὰ
453 1409 481 1461 τὸ
494 1409 670 1479 μεμνηστεῦθαι
681 1409 835 1480 πρεσβύτῃ]
856 1408 930 1473 Quod
941 1408 1066 1482 Iosephus
1078 1413 1207 1482 decrepite
1218 1412 1270 1465 ism
1282 1411 1491 1465 sementino

329 1498 432 1551 duxerit
448 1499 522 1548 retus
539 1501 579 1548 est
595 1495 690 1565 opinio.
720 1493 793 1558 Quod
810 1501 897 1548 sutem
912 1495 1006 1550 liberos
1022 1513 1056 1550 ex
1071 1497 1155 1567 priore
1171 1497 1259 1566 edique
1274 1498 1386 1567 coniuge
1402 1511 1492 1550 susee-

329 1583 406 1654 perit‚
423 1583 473 1634 etei
487 1581 514 1634 id
530 1579 668 1650 Epipbenii
679 1580 775 1650 siiiquo
786 1585 886 1634 veteres
898 1583 1037 1636 memoriae
1054 1581 1225 1653 prodiderint,
1242 1585 1387 1636 reeismsnt
1402 1587 1492 1637 umen

330 1669 421 1721 merito
432 1667 526 1720 oeeteri
539 1682 637 1720 omnes.
661 1664 699 1718 De
711 1681 764 1734 qus
774 1681 802 1718 re
813 1665 941 1720 Batonius
952 1667 981 1720 in
992 1667 1087 1738 Appsr.

396 1753 427 1806 N.
440 1770 476 1806 ιν.
498 1749 622 1804 Ἐντεῦθεν
634 1749 734 1818 τοίνυν]
755 1751 825 1805 Haeo
839 1752 920 1821 igitur
931 1752 1011 1806 verbs
1021 1758 1065 1807 τοῦ
1077 1753 1132 1805 θεοῦ
1148 1752 1181 1806 ud
1193 1752 1279 1806 Iesum
1295 1753 1426 1824 pertinere
1437 1767 1492 1806 ere·

330 1838 394 1892 didit
403 1836 510 1908 Cpipb„
521 1853 574 1890 non
586 1837 618 1890 sd
630 1835 765 1890 Ademum.

398 1924 442 1993 Τῷ
453 1925 537 1992 Aoos&
548 1917 599 1974 ὅντε
611 1920 651 1972 sni
663 1919 740 1992 αὐτῷ.
763 1920 836 1985 Quod
848 1913 959 1976 Luees'e
970 1922 1156 1995 discipulorum
1167 1941 1275 1978 numero
1290 1924 1382 1988 fuerit,
1399 1924 1493 1977 tenerit

330 2017 357 2064 et
366 2007 512 2062 Dorotheus
523 2008 550 2060 in
562 2007 688 2078 Synopsi,
704 2007 823 2077 quemvis
839 2007 866 2060 id
881 2007 967 2079 ipsum
983 2008 1016 2061 eb
1029 2026 1059 2064 eo
1071 2011 1161 2080 negori
1172 2010 1338 2064 idsidenstus
1349 2009 1491 2080 scripserit

330 2095 382 2150 Sed
393 2101 484 2150 oontre
494 2094 610 2148 sentiunt
620 2093 749 2164 plerique,
760 2098 787 2146 et
796 2091 823 2144 id
834 2109 868 2145 ex
880 2093 944 2164 ipsis
956 2095 1041 2148 Luose
1053 2095 1138 2148 vorbis
1150 2095 1288 2166 eolligunt,
1300 2111 1360 2148 eum
1372 2095 1412 2148 eit
1424 2092 1492 2154 itote

330 2181 405 2252 αᾷριοὶ
416 2179 644 2250 παρηκολουθηκότι
655 2174 746 2230 ἄνωθεν
758 2179 830 2230 πᾶσιν
839 2174 943 2247 οἰαριβεῖνς
955 2179 1054 2246 sembi<
1065 2197 1104 2232 οοε
1112 2178 1212 2251 γράψαι
1231 2180 1282 2234 Sed
1293 2186 1398 2234 unium
1409 2181 1492 2243 ebat.

330 2272 361 2322 ut
370 2267 433 2320 beeo
445 2265 600 2335 discipulum
612 2261 707 2317 Christi
717 2261 813 2328 inisse,
824 2279 854 2318 se
866 2279 919 2318 non
929 2265 1066 2336 piersqne,
1078 2281 1138 2318 oum
1149 2266 1183 2318 sb
1194 2281 1226 2319 eo
1237 2271 1397 2336 gererentur,
1409 2265 1493 2320 neniis

331 2368 470 2422 usurpasse
484 2355 595 2420 negent,
613 2353 642 2401 ut
658 2349 816 2402 connerium
832 2349 917 2418 potins
933 2348 994 2404 hine
1011 2351 1069 2406 elini
1079 2352 1170 2421 possit.
1202 2351 1316 2406 Verbum
1327 2353 1400 2405 enim
1412 2367 1492 2420 παρο-

331 2436 456 2490 antenero
467 2449 655 2503 nonuunquam
667 2434 699 2487 od
710 2449 769 2488 eum
779 2435 899 2488 notitiem
909 2434 1017 2489 retertur
1029 2451 1095 2506 quse
1111 2437 1192 2491 oeulis
1208 2437 1272 2508 ipsis
1288 2453 1319 2490 αα
1335 2437 1445 2508 proprie
1454 2437 1493 2490 iu-
1551 2467 1554 2472 Δ

331 2522 473 2592 teiiigeutin
484 2525 654 2590 comperietur,
666 2535 719 2572 uon
730 2521 839 2574 eliorum
851 2521 1021 2576 sermonibus.
1039 2521 1074 2574 Ut
1083 2537 1143 2575 oum
1152 2521 1338 2576 Demosthenes
1350 2520 1376 2574 ίν
1388 2526 1427 2593 τῷ
1439 2521 1494 2591 περὶ

332 2605 530 2677 Παραπρεσβείας
549 2605 581 2658 de
592 2603 732 2670 Aeschine,
747 2605 820 2659 ouius
837 2605 864 2658 in
879 2606 1010 2676 legatione
1021 2623 1107 2660 onmes
1119 2607 1216 2672 fueret,
1232 2607 1270 2661 sio
1279 2609 1408 2678 loquitnrz
1425 2604 1494 2659 uid

260 2722 264 2732 ·
299 2723 305 2737 ·
331 2692 419 2745 τανίτον
436 2692 608 2762 πονηρεύματα
624 2687 693 2750 εἰδὼς
709 2689 750 2742 παλ
765 2690 990 2762 παρηκολουθηκὼς
1007 2689 1082 2748 ἅπασι
1099 2695 1238 2764 κατηγορῶ.
1261 2693 1305 2747 sio
1315 2693 1397 2764 igitur
1407 2693 1496 2748 law

332 2774 422 2830 ἄνωθεν
435 2774 673 2848 παρηκολουθηαίναν
684 2777 756 2828 πᾶσιν
767 2775 872 2846 ἀκριβῶς
883 2777 984 2842 diditur,
999 2776 1048 2830 bot
1064 2781 1104 2830 est
1120 2785 1254 2850 compertu
1262 2779 1454 2850 explentque
1465 2791 1497 2831 ια

332 2869 447 2934 spectris
458 2863 537 2916 etism
547 2861 678 2916 babuisse.
698 2863 735 2915 do
745 2860 827 2915 rideri
837 2867 924 2932 potest
934 2868 962 2916 et
971 2863 1098 2916 nonnulle
1107 2861 1149 2916 bie
1160 2863 1296 2918 entitbesis
1306 2879 1378 2930 esse,
1391 2871 1423 2917 nt
1433 2879 1497 2918 enm

332 2950 464 3020 superiore
469 2964 545 3001 versu
555 2947 656 3013 dixerit,
665 2947 874 3017 quandoquidem
883 2947 958 3001 multi
966 2963 1007 3000 res
1017 2947 1143 3002 stristo
1152 2955 1242 3019 gestes
1250 2949 1364 3004 seribere
1372 2951 1498 3020 eggreai

331 3041 404 3100 sunt,
416 3034 496 3095 καθὼς
505 3031 709 3104 παρίδοσανὴμῖν
718 3031 742 3084 ei
750 3029 792 3084 ἀπ’
801 3030 892 3104 ἀρχῆς,
904 3034 993 3087 stetim
1001 3033 1131 3099 subiiciet,
1144 3031 1211 3096 ἔδοξε
1220 3033 1294 3106 adponi
1302 3033 1497 3104 παρηκολουθη-

333 3123 398 3186 κότι,
408 3121 458 3174 boo
470 3127 511 3174 est
521 3120 566 3190 qui
577 3135 643 3180 non,
654 3124 684 3172 ut
693 3118 744 3183 illi,
755 3116 782 3170 ἔα
794 3119 967 3188 παραδόσεως,
984 3117 1030 3172 sed
1041 3134 1075 3171 ex
1085 3121 1192 3190 propris
1201 3120 1228 3173 id
1239 3121 1348 3174 scientis
1358 3137 1497 3191 compers-

331 3208 388 3260 rim.
416 3206 552 3259 Caeterum
564 3204 667 3258 temetsi
679 3203 712 3256 ed
723 3220 783 3258 eum
793 3221 900 3258 sensum
909 3203 1097 3257 sooommodsri
1105 3203 1192 3258 Lueee
1200 3206 1279 3267 serbe
1288 3205 1353 3259 nibil
1362 3205 1497 3276 probibet,

331 3309 384 3346 non
396 3292 487 3345 iooirco
499 3295 587 3343 tomen
598 3289 693 3344 Christi
703 3288 859 3359 discipulum
868 3289 951 3343 inisse
966 3295 1035 3343 oerto
1051 3292 1223 3360 pronuneisre
1239 3291 1337 3356 susim,
1352 3307 1416 3345 eum
1433 3291 1495 3346 buis

332 3377 462 3430 &verstri
473 3376 615 3430 sententies
626 3376 704 3446 longe
716 3376 801 3444 plnres
812 3373 861 3430 PP.
874 3375 1028 3445 intelligam.
1052 3374 1105 3428 Sed
1118 3377 1169 3429 ists
1182 3378 1398 3442 commemorari,
1413 3383 1447 3432 ut
1463 3395 1495 3432 ne

332 3463 416 3516 Luese
428 3462 478 3533 ipsi
490 3462 560 3515 dese
572 3461 677 3515 metenti
688 3459 813 3530 retmgsri
824 3460 962 3530 quisquam
973 3459 1146 3531 Epipbsnium
1158 3461 1302 3516 arbitretur.

400 3547 445 3599 Καὶ
456 3547 566 3617 κηρύττει
577 3547 696 3616 πρῶτον]
716 3545 813 3598 Lucem
822 3546 849 3598 in
859 3545 1126 3616 Coiiieprsediossse,
1136 3548 1237 3612 nothe,
1248 3547 1422 3618 quodminus,
1435 3565 1496 3619 pro

333 3634 404 3689 didit.
421 3634 506 3702 Atque
517 3631 586 3688 bend
597 3632 651 3685 seio
662 3647 696 3685 sn
707 3630 820 3686 (doliism
826 3630 986 3702 Ciselpinsm
996 3631 1138 3702 intelliget,
1150 3649 1286 3703 perquem
1296 3634 1323 3686 in
1332 3632 1494 3688 Dsimstism

334 3719 521 3789 Crseeinrnque
531 3717 698 3771 contenderit
1034 3771 1040 3788 ,

400 3803 516 3874 ίίρίοσνρς,
529 3803 609 3872 φησίν,
621 3799 645 3854 ἰν
657 3807 686 3874 τῇ
699 3801 810 3873 Γαλλίᾳ]
829 3801 883 3855 Imo
893 3799 925 3862 τίς
933 3800 1048 3854 Γαλλίαν.
1066 3801 1133 3856 Nm
1141 3803 1220 3874 vulgo
1229 3801 1262 3864 τίς
1271 3802 1401 3856 Γαλατίαν.
1421 3805 1497 3870 Qnee

334 3897 374 3944 est
388 3890 565 3944 vetustissime
580 3893 607 3942 et
623 3888 768 3942 certissime
782 3888 872 3952 leotio,
890 3887 1011 3957 quioquid
1029 3885 1142 3942 uffirmet
1157 3887 1325 3959 Epiphanius.
1340 3923 1343 3932 .
1358 3887 1450 3954 Quem
1468 3899 1496 3945 et

334 3975 461 4030 Eusebius
472 3975 489 4028 l.
501 3993 540 4029 nr.
553 3973 618 4028 Hist
631 3990 652 4028 ο.
664 3991 712 4038 τι,
728 3971 872 4042 Cbrysost,
888 3973 1053 4037 Ambrosius,
1064 3971 1240 4028 theodoretus
1258 3989 1290 4028 se
1300 3973 1394 4028 Creoni
1406 3983 1437 4030 et
1446 3977 1494 4030 Ια-

334 4062 382 4115 tini
399 4077 488 4115 omnes
503 4064 658 4130 agnoscunt
686 4057 841 4128 Quanquam
857 4075 909 4112 non
926 4058 1020 4112 desunt
1034 4059 1081 4129 qui
1094 4075 1141 4129 per
1157 4057 1279 4111 Γαλατίαν
1296 4060 1363 4130 opud
1380 4060 1495 4116 Psulum

335 4147 449 4200 Gelliam
466 4146 624 4215 intelligent,
643 4149 674 4197 nt
691 4142 877 4199 'theodoretus
912 4143 1074 4198 Crescentem
1094 4160 1156 4198 vern
1174 4145 1315 4199 omnmo
1334 4151 1361 4197 et
1372 4144 1494 4206 (Μῶα

334 4233 429 4303 puriter
439 4233 586 4302 spostolum
596 4230 691 4295 tuisse,
702 4228 759 4283 Ado
769 4230 797 4282 in
808 4229 915 4298 martyr.
922 4247 946 4282 v.
955 4229 1012 4284 Καί.
1023 4227 1071 4284 Ιοί.
1082 4235 1108 4282 et
1118 4229 1146 4283 in
1158 4229 1285 4284 Chronico
1294 4235 1415 4298 testetur,
1428 4239 1459 4286 ut
1468 4239 1494 4287 et

333 4317 407 4370 Rom.
420 4317 642 4385 diuturnorum.
666 4315 745 4370 Vetus
757 4315 827 4369 enim
839 4314 957 4368 (teletise
968 4313 1095 4368 duntsxst
1104 4317 1230 4371 meminit
1253 4315 1286 4368 Et
1299 4321 1366 4369 eerte
1377 4315 1493 4372 dubitari

333 4407 432 4471 potest,
443 4407 531 4455 utrum
539 4417 593 4456 uon
603 4400 681 4454 modo
691 4399 828 4467 Cresoens,
840 4399 938 4454 sedvel
949 4401 1016 4454 eiius
1028 4400 1177 4470 qnisqusm,
1189 4417 1236 4472 per
1245 4401 1291 4455 iiie
1302 4407 1423 4472 tempme
1432 4402 1492 4458 Gel-

331 4485 375 4540 iiis
385 4487 515 4556 evangelii
524 4487 608 4540 lueem
618 4487 771 4558 importsrit.

400 4570 431 4624 N.
442 4589 489 4626 xrs.
513 4569 634 4637 Mentiris
646 4571 721 4624 αὐτοῦ
733 4568 782 4624 ἀπο
794 4574 836 4637 τῆς
849 4568 969 4642 Πίναρον]
993 4569 1048 4624 Neu
1063 4570 1143 4640 igitur
1157 4571 1185 4624 in
1197 4571 1287 4626 Pstme
1299 4573 1403 4643 scripsit
1414 4589 1491 4629 enu—
