<?xml version="1.0" encoding="UTF-8"?>
<!DOCTYPE html PUBLIC "-//W3C//DTD XHTML 1.0 Transitional//EN"
    "http://www.w3.org/TR/xhtml1/DTD/xhtml1-transitional.dtd">
<html xmlns="http://www.w3.org/1999/xhtml" xml:lang="en" lang="en">
 <head>
  <title>
</title>
<meta http-equiv="Content-Type" content="text/html;charset=utf-8" />
  <meta name='ocr-system' content='tesseract 3.04.00' />
  <meta name='ocr-capabilities' content='ocr_page ocr_carea ocr_par ocr_line ocrx_word'/>
</head>
<body>
  <div class='ocr_page' id='page_1' title='image "./corporishaerese03unkngoog_0275.png"; bbox 0 0 3200 5158; ppageno 0'>
   <div class='ocr_carea' id='block_1_1' title="bbox 315 369 381 426">
    <p class='ocr_par' dir='ltr' id='par_1_1' title="bbox 315 369 381 426">
     <span class='ocr_line' id='line_1_1' title="bbox 315 369 381 426; baseline 0 0"><span class='ocrx_word' id='word_1_1' title='bbox 315 369 381 426; x_wconf 81' lang='lat' dir='ltr'><strong>uun</strong></span> 
     </span>
    </p>
   </div>
   <div class='ocr_carea' id='block_1_2' title="bbox 266 523 1482 769">
    <p class='ocr_par' dir='ltr' id='par_1_2' title="bbox 266 523 1482 769">
     <span class='ocr_line' id='line_1_2' title="bbox 315 523 1481 596; baseline -0.002 -17"><span class='ocrx_word' id='word_1_2' title='bbox 315 523 682 596; x_wconf 81' lang='lat' dir='ltr'><strong>ogdoaconteteesaradteridis</strong></span> <span class='ocrx_word' id='word_1_3' title='bbox 692 525 824 596; x_wconf 73' lang='grc' dir='ltr'><strong>ιιοιιιιιιι</strong></span> <span class='ocrx_word' id='word_1_4' title='bbox 833 525 933 596; x_wconf 89' lang='lat' dir='ltr'><strong>primus</strong></span> <span class='ocrx_word' id='word_1_5' title='bbox 941 541 972 578; x_wconf 87' lang='lat' dir='ltr'><strong>sc</strong></span> <span class='ocrx_word' id='word_1_6' title='bbox 979 523 1087 595; x_wconf 79' lang='lat' dir='ltr'><strong>proinde</strong></span> <span class='ocrx_word' id='word_1_7' title='bbox 1096 524 1284 580; x_wconf 81' lang='lat' dir='ltr'><strong>embolimaeus</strong></span> <span class='ocrx_word' id='word_1_8' title='bbox 1295 541 1354 580; x_wconf 88' lang='lat' dir='ltr'><strong>ease</strong></span> <span class='ocrx_word' id='word_1_9' title='bbox 1364 523 1481 588; x_wconf 73' lang='lat' dir='ltr'><strong>debant,</strong></span> 
     </span>
     <span class='ocr_line' id='line_1_3' title="bbox 266 609 1482 683; baseline 0 -17"><span class='ocrx_word' id='word_1_10' title='bbox 266 641 275 650; x_wconf 84' lang='lat'><em>.</em></span> <span class='ocrx_word' id='word_1_11' title='bbox 315 611 383 667; x_wconf 87' lang='lat' dir='ltr'><strong>hunc</strong></span> <span class='ocrx_word' id='word_1_12' title='bbox 395 613 493 683; x_wconf 84' lang='lat' dir='ltr'><strong>ipsum,</strong></span> <span class='ocrx_word' id='word_1_13' title='bbox 512 617 599 682; x_wconf 87' lang='lat' dir='ltr'><strong>utpote</strong></span> <span class='ocrx_word' id='word_1_14' title='bbox 618 613 685 682; x_wconf 73' lang='lat' dir='ltr'><strong>cycli</strong></span> <span class='ocrx_word' id='word_1_15' title='bbox 701 612 812 664; x_wconf 87' lang='lat' dir='ltr'><strong>recentis</strong></span> <span class='ocrx_word' id='word_1_16' title='bbox 828 611 943 676; x_wconf 89' lang='lat' dir='ltr'><strong>initium,</strong></span> <span class='ocrx_word' id='word_1_17' title='bbox 961 609 1255 666; x_wconf 79' lang='lat' dir='ltr'><strong>commuuemleccrint</strong></span> <span class='ocrx_word' id='word_1_18' title='bbox 1278 610 1482 681; x_wconf 74' lang='lat' dir='ltr'><strong>itaeoutigitnt</strong></span> 
     </span>
     <span class='ocr_line' id='line_1_4' title="bbox 316 695 1327 769; baseline -0.002 -17"><span class='ocrx_word' id='word_1_19' title='bbox 316 697 437 769; x_wconf 77' lang='lat' dir='ltr'><strong>deinceps</strong></span> <span class='ocrx_word' id='word_1_20' title='bbox 450 697 540 754; x_wconf 86' lang='lat' dir='ltr'><strong>citima</strong></span> <span class='ocrx_word' id='word_1_21' title='bbox 551 698 689 752; x_wconf 85' lang='lat' dir='ltr'><strong>neomenia</strong></span> <span class='ocrx_word' id='word_1_22' title='bbox 698 697 787 752; x_wconf 80' lang='lat' dir='ltr'><strong>Martii</strong></span> <span class='ocrx_word' id='word_1_23' title='bbox 799 716 836 763; x_wconf 77' lang='lat' dir='ltr'><strong>n,</strong></span> <span class='ocrx_word' id='word_1_24' title='bbox 848 714 902 752; x_wconf 80' lang='grc' dir='ltr'><strong>ιιι.</strong></span> <span class='ocrx_word' id='word_1_25' title='bbox 913 697 977 752; x_wconf 85' lang='lat' dir='ltr'><strong>luna</strong></span> <span class='ocrx_word' id='word_1_26' title='bbox 987 695 1077 752; x_wconf 81' lang='lat' dir='ltr'><strong>Martii</strong></span> <span class='ocrx_word' id='word_1_27' title='bbox 1088 711 1163 753; x_wconf 82' lang='grc' dir='ltr'><strong>ιιιιι.</strong></span> <span class='ocrx_word' id='word_1_28' title='bbox 1175 696 1327 752; x_wconf 70' lang='lat' dir='ltr'><strong>constitutit.</strong></span> 
     </span>
    </p>
   </div>
   <div class='ocr_carea' id='block_1_3' title="bbox 337 899 1460 959">
    <p class='ocr_par' dir='ltr' id='par_1_3' title="bbox 337 899 1460 959">
     <span class='ocr_line' id='line_1_5' title="bbox 337 899 1460 959; baseline -0.005 0"><span class='ocrx_word' id='word_1_29' title='bbox 337 903 535 959; x_wconf 79' lang='lat' dir='ltr'><strong>EPIPHANIUS</strong></span> <span class='ocrx_word' id='word_1_30' title='bbox 554 901 598 958; x_wconf 83' lang='lat' dir='ltr'><strong>AB</strong></span> <span class='ocrx_word' id='word_1_31' title='bbox 617 901 739 957; x_wconf 73' lang='lat' dir='ltr'><strong>murra</strong></span> <span class='ocrx_word' id='word_1_32' title='bbox 756 901 935 958; x_wconf 71' lang='lat' dir='ltr'><strong>sesuldum</strong></span> <span class='ocrx_word' id='word_1_33' title='bbox 951 899 1231 956; x_wconf 61' lang='lat' dir='ltr'><strong>manumissione</strong></span> <span class='ocrx_word' id='word_1_34' title='bbox 1242 899 1460 956; x_wconf 77' lang='lat' dir='ltr'><strong>vmulcxuun.</strong></span> 
     </span>
    </p>
   </div>
   <div class='ocr_carea' id='block_1_4' title="bbox 217 1036 1599 4516">
    <p class='ocr_par' dir='ltr' id='par_1_4' title="bbox 217 1036 1599 4516">
     <span class='ocr_line' id='line_1_6' title="bbox 383 1036 1484 1112; baseline -0.004 -17"><span class='ocrx_word' id='word_1_35' title='bbox 383 1041 515 1096; x_wconf 85' lang='lat' dir='ltr'><strong>Postremo</strong></span> <span class='ocrx_word' id='word_1_36' title='bbox 528 1041 559 1095; x_wconf 89' lang='lat' dir='ltr'><strong>de</strong></span> <span class='ocrx_word' id='word_1_37' title='bbox 571 1040 620 1096; x_wconf 91' lang='lat' dir='ltr'><strong>hoc</strong></span> <span class='ocrx_word' id='word_1_38' title='bbox 632 1041 786 1096; x_wconf 82' lang='lat' dir='ltr'><strong>iudaeorum</strong></span> <span class='ocrx_word' id='word_1_39' title='bbox 798 1042 871 1110; x_wconf 75' lang='lat' dir='ltr'><strong>cyclo</strong></span> <span class='ocrx_word' id='word_1_40' title='bbox 884 1041 1019 1112; x_wconf 81' lang='lat' dir='ltr'><strong>disputans</strong></span> <span class='ocrx_word' id='word_1_41' title='bbox 1030 1040 1148 1110; x_wconf 82' lang='lat' dir='ltr'><strong>Scaliger</strong></span> <span class='ocrx_word' id='word_1_42' title='bbox 1159 1040 1177 1095; x_wconf 90' lang='lat' dir='ltr'><strong>l.</strong></span> <span class='ocrx_word' id='word_1_43' title='bbox 1187 1057 1216 1096; x_wconf 87' lang='grc' dir='ltr'><strong>ιι.</strong></span> <span class='ocrx_word' id='word_1_44' title='bbox 1228 1038 1260 1092; x_wconf 92' lang='lat' dir='ltr'><strong>de</strong></span> <span class='ocrx_word' id='word_1_45' title='bbox 1270 1037 1377 1094; x_wconf 81' lang='lat' dir='ltr'><strong>Emeud</strong></span> <span class='ocrx_word' id='word_1_46' title='bbox 1387 1055 1415 1109; x_wconf 75' lang='lat' dir='ltr'><strong>p</strong></span> <span class='ocrx_word' id='word_1_47' title='bbox 1425 1036 1484 1092; x_wconf 80' lang='grc'><strong>146.</strong></span> 
     </span>
     <span class='ocr_line' id='line_1_7' title="bbox 314 1123 1485 1196; baseline 0 -18"><span class='ocrx_word' id='word_1_48' title='bbox 314 1125 492 1196; x_wconf 68' lang='lat' dir='ltr'><strong><em>Epiphaniam</em></strong></span> <span class='ocrx_word' id='word_1_49' title='bbox 504 1135 626 1190; x_wconf 66' lang='lat' dir='ltr'><strong>nonaum,</strong></span> <span class='ocrx_word' id='word_1_50' title='bbox 638 1137 666 1180; x_wconf 88' lang='lat' dir='ltr'><strong>at</strong></span> <span class='ocrx_word' id='word_1_51' title='bbox 676 1138 701 1180; x_wconf 89' lang='lat' dir='ltr'><strong>et</strong></span> <span class='ocrx_word' id='word_1_52' title='bbox 710 1145 793 1180; x_wconf 82' lang='lat' dir='ltr'><strong>omnen</strong></span> <span class='ocrx_word' id='word_1_53' title='bbox 804 1137 900 1180; x_wconf 81' lang='lat' dir='ltr'><strong>veteres</strong></span> <span class='ocrx_word' id='word_1_54' title='bbox 911 1130 1049 1196; x_wconf 77' lang='lat' dir='ltr'><strong>scriptores</strong></span> <span class='ocrx_word' id='word_1_55' title='bbox 1058 1125 1109 1180; x_wconf 83' lang='lat' dir='ltr'><strong>hac</strong></span> <span class='ocrx_word' id='word_1_56' title='bbox 1117 1129 1145 1178; x_wconf 82' lang='lat' dir='ltr'><strong>in</strong></span> <span class='ocrx_word' id='word_1_57' title='bbox 1152 1134 1231 1195; x_wconf 88' lang='lat' dir='ltr'><strong>parte</strong></span> <span class='ocrx_word' id='word_1_58' title='bbox 1243 1123 1316 1193; x_wconf 82' lang='lat' dir='ltr'><strong>(haec</strong></span> <span class='ocrx_word' id='word_1_59' title='bbox 1328 1125 1396 1178; x_wconf 77' lang='grc' dir='ltr'><strong>ιιιίιιι</strong></span> <span class='ocrx_word' id='word_1_60' title='bbox 1408 1123 1485 1178; x_wconf 75' lang='lat' dir='ltr'><strong>iliius</strong></span> 
     </span>
     <span class='ocr_line' id='line_1_8' title="bbox 315 1209 1486 1283; baseline -0.003 -17"><span class='ocrx_word' id='word_1_61' title='bbox 315 1212 395 1266; x_wconf 80' lang='lat' dir='ltr'><strong>verba</strong></span> <span class='ocrx_word' id='word_1_62' title='bbox 407 1213 479 1282; x_wconf 80' lang='lat' dir='ltr'><strong>suut)</strong></span> <span class='ocrx_word' id='word_1_63' title='bbox 499 1215 668 1282; x_wconf 71' lang='lat' dir='ltr'><strong>nepiipentioe</strong></span> <span class='ocrx_word' id='word_1_64' title='bbox 684 1214 761 1283; x_wconf 84' lang='lat' dir='ltr'><strong>cnipa</strong></span> <span class='ocrx_word' id='word_1_65' title='bbox 778 1213 890 1266; x_wconf 80' lang='lat' dir='ltr'><strong>liberare</strong></span> <span class='ocrx_word' id='word_1_66' title='bbox 906 1229 933 1266; x_wconf 85' lang='lat' dir='ltr'><strong>se</strong></span> <span class='ocrx_word' id='word_1_67' title='bbox 949 1221 1027 1281; x_wconf 77' lang='lat' dir='ltr'><strong>neqat</strong></span> <span class='ocrx_word' id='word_1_68' title='bbox 1034 1229 1116 1282; x_wconf 82' lang='lat' dir='ltr'><strong>passe.</strong></span> <span class='ocrx_word' id='word_1_69' title='bbox 1139 1209 1191 1264; x_wconf 80' lang='lat' dir='ltr'><strong>Sed</strong></span> <span class='ocrx_word' id='word_1_70' title='bbox 1207 1227 1256 1264; x_wconf 87' lang='lat' dir='ltr'><strong>non</strong></span> <span class='ocrx_word' id='word_1_71' title='bbox 1273 1211 1367 1275; x_wconf 72' lang='grc' dir='ltr'><strong>ιιιιίον,</strong></span> <span class='ocrx_word' id='word_1_72' title='bbox 1383 1210 1486 1279; x_wconf 78' lang='lat' dir='ltr'><strong>inquit,</strong></span> 
     </span>
     <span class='ocr_line' id='line_1_9' title="bbox 317 1293 1486 1368; baseline -0.003 -18"><span class='ocrx_word' id='word_1_73' title='bbox 317 1299 622 1363; x_wconf 74' lang='lat' dir='ltr'><strong>reeeomcaedecasnn&#39;r,</strong></span> <span class='ocrx_word' id='word_1_74' title='bbox 640 1317 714 1368; x_wconf 79' lang='lat' dir='ltr'><strong>qnam</strong></span> <span class='ocrx_word' id='word_1_75' title='bbox 731 1316 779 1350; x_wconf 88' lang='lat' dir='ltr'><strong>non</strong></span> <span class='ocrx_word' id='word_1_76' title='bbox 789 1301 868 1352; x_wconf 81' lang='lat' dir='ltr'><strong>solane</strong></span> <span class='ocrx_word' id='word_1_77' title='bbox 879 1309 907 1351; x_wconf 85' lang='lat' dir='ltr'><strong>nt</strong></span> <span class='ocrx_word' id='word_1_78' title='bbox 912 1298 1022 1368; x_wconf 81' lang='lat' dir='ltr'><strong><em>probam</em></strong></span> <span class='ocrx_word' id='word_1_79' title='bbox 1034 1306 1059 1350; x_wconf 86' lang='lat' dir='ltr'><strong>et</strong></span> <span class='ocrx_word' id='word_1_80' title='bbox 1069 1299 1208 1366; x_wconf 75' lang='lat' dir='ltr'><strong>lepitr&#39;raam</strong></span> <span class='ocrx_word' id='word_1_81' title='bbox 1220 1297 1328 1350; x_wconf 82' lang='lat' dir='ltr'><strong>adducit</strong></span> <span class='ocrx_word' id='word_1_82' title='bbox 1337 1297 1401 1348; x_wconf 81' lang='lat' dir='ltr'><strong>idean</strong></span> <span class='ocrx_word' id='word_1_83' title='bbox 1415 1293 1486 1365; x_wconf 84' lang='lat' dir='ltr'><strong>Epi·</strong></span> 
     </span>
     <span class='ocr_line' id='line_1_10' title="bbox 313 1381 1487 1452; baseline -0.002 -18"><span class='ocrx_word' id='word_1_84' title='bbox 313 1383 439 1452; x_wconf 81' lang='lat' dir='ltr'><strong>phanr&#39;as,</strong></span> <span class='ocrx_word' id='word_1_85' title='bbox 455 1386 501 1436; x_wconf 84' lang='lat' dir='ltr'><strong>red</strong></span> <span class='ocrx_word' id='word_1_86' title='bbox 512 1385 623 1436; x_wconf 84' lang='lat' dir='ltr'><strong>Iudaeos</strong></span> <span class='ocrx_word' id='word_1_87' title='bbox 640 1402 687 1436; x_wconf 89' lang='lat' dir='ltr'><strong>non</strong></span> <span class='ocrx_word' id='word_1_88' title='bbox 704 1385 785 1436; x_wconf 81' lang='lat' dir='ltr'><strong>aliam</strong></span> <span class='ocrx_word' id='word_1_89' title='bbox 802 1387 926 1436; x_wconf 84' lang='lat' dir='ltr'><strong>rationem</strong></span> <span class='ocrx_word' id='word_1_90' title='bbox 942 1387 971 1436; x_wconf 84' lang='lat' dir='ltr'><strong>in</strong></span> <span class='ocrx_word' id='word_1_91' title='bbox 982 1400 1049 1436; x_wconf 83' lang='lat' dir='ltr'><strong>anrro</strong></span> <span class='ocrx_word' id='word_1_92' title='bbox 1061 1384 1149 1435; x_wconf 72' lang='lat' dir='ltr'><strong>lunari</strong></span> <span class='ocrx_word' id='word_1_93' title='bbox 1159 1384 1229 1452; x_wconf 78' lang='lat' dir='ltr'><strong>sequi</strong></span> <span class='ocrx_word' id='word_1_94' title='bbox 1239 1382 1304 1445; x_wconf 77' lang='lat' dir='ltr'><strong>anit,</strong></span> <span class='ocrx_word' id='word_1_95' title='bbox 1318 1399 1391 1451; x_wconf 66' lang='grc' dir='ltr'><strong>οιαιι</strong></span> <span class='ocrx_word' id='word_1_96' title='bbox 1409 1381 1487 1432; x_wconf 78' lang='lat' dir='ltr'><strong>s&#39;liiea</strong></span> 
     </span>
     <span class='ocr_line' id='line_1_11' title="bbox 315 1465 1487 1539; baseline -0.001 -19"><span class='ocrx_word' id='word_1_97' title='bbox 315 1467 464 1521; x_wconf 76' lang='lat' dir='ltr'><strong>methodum.</strong></span> <span class='ocrx_word' id='word_1_98' title='bbox 482 1469 549 1522; x_wconf 83' lang='lat' dir='ltr'><strong>Tum</strong></span> <span class='ocrx_word' id='word_1_99' title='bbox 561 1467 699 1539; x_wconf 80' lang='lat' dir='ltr'><strong>Epiphauii</strong></span> <span class='ocrx_word' id='word_1_100' title='bbox 707 1469 793 1522; x_wconf 86' lang='lat' dir='ltr'><strong>uerbis</strong></span> <span class='ocrx_word' id='word_1_101' title='bbox 806 1469 893 1522; x_wconf 84' lang='lat' dir='ltr'><strong>allatis</strong></span> <span class='ocrx_word' id='word_1_102' title='bbox 905 1469 1018 1539; x_wconf 85' lang='lat' dir='ltr'><strong>primum</strong></span> <span class='ocrx_word' id='word_1_103' title='bbox 1029 1466 1093 1522; x_wconf 88' lang='lat' dir='ltr'><strong>illud</strong></span> <span class='ocrx_word' id='word_1_104' title='bbox 1104 1465 1280 1538; x_wconf 76' lang='lat' dir='ltr'><strong>reprehendit,</strong></span> <span class='ocrx_word' id='word_1_105' title='bbox 1292 1465 1487 1537; x_wconf 84' lang='lat' dir='ltr'><strong>quoddixerat,</strong></span> 
     </span>
     <span class='ocr_line' id='line_1_12' title="bbox 316 1551 1487 1623; baseline -0.002 -17"><span class='ocrx_word' id='word_1_106' title='bbox 316 1554 344 1606; x_wconf 93' lang='lat' dir='ltr'><strong>iu</strong></span> <span class='ocrx_word' id='word_1_107' title='bbox 361 1559 413 1606; x_wconf 86' lang='lat' dir='ltr'><strong>tres</strong></span> <span class='ocrx_word' id='word_1_108' title='bbox 424 1570 507 1608; x_wconf 83' lang='lat' dir='ltr'><strong>anuos</strong></span> <span class='ocrx_word' id='word_1_109' title='bbox 524 1554 592 1608; x_wconf 89' lang='lat' dir='ltr'><strong>diem</strong></span> <span class='ocrx_word' id='word_1_110' title='bbox 604 1571 687 1608; x_wconf 89' lang='lat' dir='ltr'><strong>nuum</strong></span> <span class='ocrx_word' id='word_1_111' title='bbox 704 1571 738 1608; x_wconf 85' lang='lat' dir='ltr'><strong>ex</strong></span> <span class='ocrx_word' id='word_1_112' title='bbox 754 1553 825 1608; x_wconf 88' lang='lat' dir='ltr'><strong>horis</strong></span> <span class='ocrx_word' id='word_1_113' title='bbox 837 1553 853 1606; x_wconf 91' lang='lat'>8</span> <span class='ocrx_word' id='word_1_114' title='bbox 870 1554 981 1608; x_wconf 82' lang='lat' dir='ltr'><strong>residuis</strong></span> <span class='ocrx_word' id='word_1_115' title='bbox 996 1552 1128 1623; x_wconf 84' lang='lat' dir='ltr'><strong>imputari</strong></span> <span class='ocrx_word' id='word_1_116' title='bbox 1162 1552 1303 1621; x_wconf 58' lang='lat' dir='ltr'><strong>Arsacen</strong></span> <span class='ocrx_word' id='word_1_117' title='bbox 1314 1555 1374 1613; x_wconf 78' lang='lat' dir='ltr'><strong>erit,</strong></span> <span class='ocrx_word' id='word_1_118' title='bbox 1385 1551 1487 1622; x_wconf 84' lang='lat' dir='ltr'><strong>inquit,</strong></span> 
     </span>
     <span class='ocr_line' id='line_1_13' title="bbox 316 1637 1489 1709; baseline -0.001 -18"><span class='ocrx_word' id='word_1_119' title='bbox 316 1657 393 1691; x_wconf 81' lang='lat' dir='ltr'><strong>nuans</strong></span> <span class='ocrx_word' id='word_1_120' title='bbox 406 1648 502 1692; x_wconf 74' lang='lat' dir='ltr'><strong>tanturn</strong></span> <span class='ocrx_word' id='word_1_121' title='bbox 514 1640 579 1692; x_wconf 85' lang='lat' dir='ltr'><strong>diem</strong></span> <span class='ocrx_word' id='word_1_122' title='bbox 586 1651 647 1709; x_wconf 83' lang='lat' dir='ltr'><strong>post</strong></span> <span class='ocrx_word' id='word_1_123' title='bbox 655 1643 787 1693; x_wconf 75' lang='lat' dir='ltr'><strong>trienninm</strong></span> <span class='ocrx_word' id='word_1_124' title='bbox 799 1657 961 1703; x_wconf 72' lang='lat' dir='ltr'><strong>accrescere,</strong></span> <span class='ocrx_word' id='word_1_125' title='bbox 973 1657 1028 1691; x_wconf 83' lang='lat' dir='ltr'><strong>canc</strong></span> <span class='ocrx_word' id='word_1_126' title='bbox 1037 1639 1419 1708; x_wconf 69' lang='lat' dir='ltr'><strong>relinquarrlnrpoettrienniaae</strong></span> <span class='ocrx_word' id='word_1_127' title='bbox 1429 1637 1489 1690; x_wconf 75' lang='lat' dir='ltr'><strong>diet</strong></span> 
     </span>
     <span class='ocr_line' id='line_1_14' title="bbox 318 1720 1487 1795; baseline -0.001 -19"><span class='ocrx_word' id='word_1_128' title='bbox 318 1726 374 1789; x_wconf 83' lang='lat' dir='ltr'><strong>dno,</strong></span> <span class='ocrx_word' id='word_1_129' title='bbox 384 1723 508 1788; x_wconf 69' lang='lat' dir='ltr'><strong>tornelli,</strong></span> <span class='ocrx_word' id='word_1_130' title='bbox 521 1733 673 1795; x_wconf 80' lang='lat' dir='ltr'><strong>quantarum</strong></span> <span class='ocrx_word' id='word_1_131' title='bbox 682 1725 718 1776; x_wconf 78' lang='lat'><strong>24</strong></span> <span class='ocrx_word' id='word_1_132' title='bbox 730 1734 768 1778; x_wconf 84' lang='lat' dir='ltr'><strong>est</strong></span> <span class='ocrx_word' id='word_1_133' title='bbox 777 1733 860 1789; x_wconf 85' lang='lat' dir='ltr'><strong>tutam,</strong></span> <span class='ocrx_word' id='word_1_134' title='bbox 873 1724 941 1778; x_wconf 74' lang='lat' dir='ltr'><strong>cors</strong></span> <span class='ocrx_word' id='word_1_135' title='bbox 950 1732 1101 1794; x_wconf 71' lang='grc' dir='ltr'><strong>οιαιιιανιιιι</strong></span> <span class='ocrx_word' id='word_1_136' title='bbox 1108 1721 1151 1778; x_wconf 83' lang='grc'><strong>12.</strong></span> <span class='ocrx_word' id='word_1_137' title='bbox 1169 1721 1268 1776; x_wconf 85' lang='lat' dir='ltr'><strong>Deinde</strong></span> <span class='ocrx_word' id='word_1_138' title='bbox 1277 1720 1345 1791; x_wconf 86' lang='lat' dir='ltr'><strong>quad</strong></span> <span class='ocrx_word' id='word_1_139' title='bbox 1353 1721 1432 1776; x_wconf 80' lang='lat' dir='ltr'><strong>annia</strong></span> <span class='ocrx_word' id='word_1_140' title='bbox 1440 1739 1487 1776; x_wconf 74' lang='grc' dir='ltr'><strong>ιιι</strong></span> 
     </span>
     <span class='ocr_line' id='line_1_15' title="bbox 317 1806 1599 1880; baseline -0.001 -19"><span class='ocrx_word' id='word_1_141' title='bbox 317 1808 420 1878; x_wconf 80' lang='lat' dir='ltr'><strong>cyclum</strong></span> <span class='ocrx_word' id='word_1_142' title='bbox 436 1809 582 1876; x_wconf 83' lang='lat' dir='ltr'><strong>definierat,</strong></span> <span class='ocrx_word' id='word_1_143' title='bbox 601 1808 649 1864; x_wconf 92' lang='lat' dir='ltr'><strong>hoc</strong></span> <span class='ocrx_word' id='word_1_144' title='bbox 665 1810 742 1864; x_wconf 89' lang='lat' dir='ltr'><strong>modo</strong></span> <span class='ocrx_word' id='word_1_145' title='bbox 760 1810 902 1880; x_wconf 75' lang='lat' dir='ltr'><strong>redarguit.</strong></span> <span class='ocrx_word' id='word_1_146' title='bbox 924 1809 1010 1880; x_wconf 84' lang='lat' dir='ltr'><strong>Negat</strong></span> <span class='ocrx_word' id='word_1_147' title='bbox 1027 1809 1097 1862; x_wconf 87' lang='lat' dir='ltr'><strong>sulm</strong></span> <span class='ocrx_word' id='word_1_148' title='bbox 1107 1808 1250 1879; x_wconf 84' lang='lat' dir='ltr'><strong>praecisam</strong></span> <span class='ocrx_word' id='word_1_149' title='bbox 1261 1807 1341 1862; x_wconf 82' lang='lat' dir='ltr'><strong>ullam</strong></span> <span class='ocrx_word' id='word_1_150' title='bbox 1352 1806 1489 1861; x_wconf 83' lang='lat' dir='ltr'><strong>rationem</strong></span> <span class='ocrx_word' id='word_1_151' title='bbox 1598 1815 1599 1830; x_wconf 66' lang='lat'>¹</span> 
     </span>
     <span class='ocr_line' id='line_1_16' title="bbox 316 1887 1599 1965; baseline -0.002 -17"><span class='ocrx_word' id='word_1_152' title='bbox 316 1893 375 1948; x_wconf 87' lang='lat' dir='ltr'><strong>fieri</strong></span> <span class='ocrx_word' id='word_1_153' title='bbox 385 1911 472 1965; x_wconf 85' lang='lat' dir='ltr'><strong>posse.</strong></span> <span class='ocrx_word' id='word_1_154' title='bbox 497 1896 567 1948; x_wconf 85' lang='lat' dir='ltr'><strong>Nam</strong></span> <span class='ocrx_word' id='word_1_155' title='bbox 580 1892 1489 1964; x_wconf 68' lang='lat' dir='ltr'><strong>Iulianiannidiescoliipant5113,hernt12ranniinnareetatidn</strong></span> <span class='ocrx_word' id='word_1_156' title='bbox 1598 1887 1599 1920; x_wconf 62' lang='lat'><strong><em>;</em></strong></span> 
     </span>
     <span class='ocr_line' id='line_1_17' title="bbox 317 1979 1489 2052; baseline -0.002 -20"><span class='ocrx_word' id='word_1_157' title='bbox 317 1983 445 2051; x_wconf 82' lang='lat' dir='ltr'><strong>simplices</strong></span> <span class='ocrx_word' id='word_1_158' title='bbox 454 1981 534 2037; x_wconf 80' lang='lat'><strong><em>4956.</em></strong></span> <span class='ocrx_word' id='word_1_159' title='bbox 553 1983 710 2052; x_wconf 78' lang='lat' dir='ltr'><strong>Dr&#39;fferentia</strong></span> <span class='ocrx_word' id='word_1_160' title='bbox 722 1983 777 2034; x_wconf 80' lang='lat' dir='ltr'><strong>dies</strong></span> <span class='ocrx_word' id='word_1_161' title='bbox 786 1980 847 2046; x_wconf 81' lang='lat'><strong>157,</strong></span> <span class='ocrx_word' id='word_1_162' title='bbox 860 1979 904 2035; x_wconf 76' lang='lat'><strong>12.</strong></span> <span class='ocrx_word' id='word_1_163' title='bbox 921 1981 963 2034; x_wconf 93' lang='lat' dir='ltr'><strong>De</strong></span> <span class='ocrx_word' id='word_1_164' title='bbox 974 1981 1062 2050; x_wconf 78' lang='lat' dir='ltr'><strong>quibat</strong></span> <span class='ocrx_word' id='word_1_165' title='bbox 1073 1980 1264 2033; x_wconf 69' lang='lat' dir='ltr'><strong>intercalaretur</strong></span> <span class='ocrx_word' id='word_1_166' title='bbox 1272 1979 1343 2048; x_wconf 82' lang='lat' dir='ltr'><strong>pieni</strong></span> <span class='ocrx_word' id='word_1_167' title='bbox 1353 1995 1455 2031; x_wconf 69' lang='lat' dir='ltr'><strong>nemea</strong></span> <span class='ocrx_word' id='word_1_168' title='bbox 1463 1997 1489 2030; x_wconf 80' lang='lat' dir='ltr'><strong>v.</strong></span> 
     </span>
     <span class='ocr_line' id='line_1_18' title="bbox 316 2063 1599 2136; baseline -0.002 -18"><span class='ocrx_word' id='word_1_169' title='bbox 316 2067 458 2120; x_wconf 77' lang='lat' dir='ltr'><strong>Remanent</strong></span> <span class='ocrx_word' id='word_1_170' title='bbox 473 2069 527 2120; x_wconf 81' lang='lat' dir='ltr'><strong>dire</strong></span> <span class='ocrx_word' id='word_1_171' title='bbox 541 2067 565 2131; x_wconf 90' lang='grc'><strong>7,</strong></span> <span class='ocrx_word' id='word_1_172' title='bbox 578 2067 621 2120; x_wconf 84' lang='grc'><strong>12.</strong></span> <span class='ocrx_word' id='word_1_173' title='bbox 656 2068 715 2120; x_wconf 82' lang='lat' dir='ltr'><strong>Iam</strong></span> <span class='ocrx_word' id='word_1_174' title='bbox 731 2065 839 2118; x_wconf 76' lang='lat' dir='ltr'><strong>ddorae</strong></span> <span class='ocrx_word' id='word_1_175' title='bbox 855 2068 1029 2135; x_wconf 80' lang='lat' dir='ltr'><strong>quaterdecies</strong></span> <span class='ocrx_word' id='word_1_176' title='bbox 1045 2069 1197 2118; x_wconf 66' lang='lat' dir='ltr'><strong>contineant</strong></span> <span class='ocrx_word' id='word_1_177' title='bbox 1215 2066 1269 2118; x_wconf 82' lang='lat' dir='ltr'><strong>dier</strong></span> <span class='ocrx_word' id='word_1_178' title='bbox 1280 2064 1310 2128; x_wconf 73' lang='lat'><strong>4,</strong></span> <span class='ocrx_word' id='word_1_179' title='bbox 1328 2063 1370 2116; x_wconf 82' lang='lat'><strong>16.</strong></span> <span class='ocrx_word' id='word_1_180' title='bbox 1408 2063 1489 2126; x_wconf 59' lang='lat' dir='ltr'><strong>Quae</strong></span> <span class='ocrx_word' id='word_1_181' title='bbox 1598 2129 1599 2136; x_wconf 9' lang='grc' dir='ltr'>ἵ</span> 
     </span>
     <span class='ocr_line' id='line_1_19' title="bbox 318 2141 1599 2222; baseline -0.002 -17"><span class='ocrx_word' id='word_1_182' title='bbox 318 2171 414 2206; x_wconf 72' lang='lat' dir='ltr'><strong>mosara</strong></span> <span class='ocrx_word' id='word_1_183' title='bbox 432 2154 463 2204; x_wconf 88' lang='lat' dir='ltr'><strong>de</strong></span> <span class='ocrx_word' id='word_1_184' title='bbox 481 2154 567 2204; x_wconf 81' lang='lat' dir='ltr'><strong>dietae</strong></span> <span class='ocrx_word' id='word_1_185' title='bbox 586 2153 609 2217; x_wconf 92' lang='grc'><strong>7,</strong></span> <span class='ocrx_word' id='word_1_186' title='bbox 626 2151 668 2207; x_wconf 83' lang='lat'><strong>12.</strong></span> <span class='ocrx_word' id='word_1_187' title='bbox 688 2155 807 2204; x_wconf 87' lang='lat' dir='ltr'><strong>detracto</strong></span> <span class='ocrx_word' id='word_1_188' title='bbox 827 2153 948 2222; x_wconf 78' lang='lat' dir='ltr'><strong>relinquit</strong></span> <span class='ocrx_word' id='word_1_189' title='bbox 964 2153 1133 2220; x_wconf 79' lang='lat' dir='ltr'><strong>differentiam</strong></span> <span class='ocrx_word' id='word_1_190' title='bbox 1151 2168 1228 2204; x_wconf 86' lang='lat' dir='ltr'><strong>cerae</strong></span> <span class='ocrx_word' id='word_1_191' title='bbox 1245 2141 1453 2204; x_wconf 65' lang='lat' dir='ltr'><strong>recortanam.</strong></span> <span class='ocrx_word' id='word_1_192' title='bbox 1465 2157 1491 2202; x_wconf 86' lang='lat' dir='ltr'><strong>et</strong></span> <span class='ocrx_word' id='word_1_193' title='bbox 1598 2143 1599 2192; x_wconf 66' lang='grc'><strong>1</strong></span> 
     </span>
     <span class='ocr_line' id='line_1_20' title="bbox 312 2233 1489 2307; baseline -0.003 -17"><span class='ocrx_word' id='word_1_194' title='bbox 312 2239 404 2307; x_wconf 85' lang='lat' dir='ltr'><strong>salsae</strong></span> <span class='ocrx_word' id='word_1_195' title='bbox 416 2239 471 2290; x_wconf 80' lang='lat' dir='ltr'><strong>dise</strong></span> <span class='ocrx_word' id='word_1_196' title='bbox 482 2237 513 2300; x_wconf 86' lang='lat'><strong>2,</strong></span> <span class='ocrx_word' id='word_1_197' title='bbox 526 2235 569 2290; x_wconf 86' lang='lat'><strong>12.</strong></span> <span class='ocrx_word' id='word_1_198' title='bbox 598 2237 668 2290; x_wconf 83' lang='lat' dir='ltr'><strong>Haec</strong></span> <span class='ocrx_word' id='word_1_199' title='bbox 681 2237 805 2307; x_wconf 78' lang='lat' dir='ltr'><strong>Scaliger.</strong></span> <span class='ocrx_word' id='word_1_200' title='bbox 831 2237 862 2290; x_wconf 92' lang='lat' dir='ltr'><strong>lu</strong></span> <span class='ocrx_word' id='word_1_201' title='bbox 874 2252 927 2307; x_wconf 86' lang='lat' dir='ltr'><strong>qua</strong></span> <span class='ocrx_word' id='word_1_202' title='bbox 938 2235 1043 2307; x_wconf 91' lang='lat' dir='ltr'><strong>quidem</strong></span> <span class='ocrx_word' id='word_1_203' title='bbox 1053 2234 1193 2306; x_wconf 80' lang='lat' dir='ltr'><strong>Epiphnuii</strong></span> <span class='ocrx_word' id='word_1_204' title='bbox 1203 2233 1399 2305; x_wconf 81' lang='lat' dir='ltr'><strong>reprehensione</strong></span> <span class='ocrx_word' id='word_1_205' title='bbox 1412 2251 1489 2288; x_wconf 81' lang='lat' dir='ltr'><strong>anm-</strong></span> 
     </span>
     <span class='ocr_line' id='line_1_21' title="bbox 318 2303 1599 2394; baseline -0.001 -19"><span class='ocrx_word' id='word_1_206' title='bbox 318 2339 389 2375; x_wconf 86' lang='lat' dir='ltr'><strong>mam</strong></span> <span class='ocrx_word' id='word_1_207' title='bbox 405 2323 519 2394; x_wconf 79' lang='lat' dir='ltr'><strong>praefert</strong></span> <span class='ocrx_word' id='word_1_208' title='bbox 535 2321 695 2376; x_wconf 85' lang='lat' dir='ltr'><strong>obtrectandi</strong></span> <span class='ocrx_word' id='word_1_209' title='bbox 711 2323 845 2376; x_wconf 83' lang='lat' dir='ltr'><strong>libidinem</strong></span> <span class='ocrx_word' id='word_1_210' title='bbox 861 2339 921 2376; x_wconf 89' lang='lat' dir='ltr'><strong>cum</strong></span> <span class='ocrx_word' id='word_1_211' title='bbox 935 2322 993 2392; x_wconf 83' lang='lat' dir='ltr'><strong>pari</strong></span> <span class='ocrx_word' id='word_1_212' title='bbox 1004 2322 1045 2374; x_wconf 82' lang='lat' dir='ltr'><strong>vel</strong></span> <span class='ocrx_word' id='word_1_213' title='bbox 1060 2321 1165 2374; x_wconf 83' lang='lat' dir='ltr'><strong>inscitia</strong></span> <span class='ocrx_word' id='word_1_214' title='bbox 1175 2321 1217 2374; x_wconf 81' lang='lat' dir='ltr'><strong>vel</strong></span> <span class='ocrx_word' id='word_1_215' title='bbox 1233 2317 1360 2390; x_wconf 67' lang='lat' dir='ltr'><strong>inpossilp</strong></span> <span class='ocrx_word' id='word_1_216' title='bbox 1375 2320 1490 2374; x_wconf 87' lang='lat' dir='ltr'><strong>coniun-</strong></span> <span class='ocrx_word' id='word_1_217' title='bbox 1598 2303 1599 2316; x_wconf 37' lang='lat'>¹</span> 
     </span>
     <span class='ocr_line' id='line_1_22' title="bbox 319 2405 1599 2479; baseline -0.002 -19"><span class='ocrx_word' id='word_1_218' title='bbox 319 2413 397 2460; x_wconf 85' lang='lat' dir='ltr'><strong>etam.</strong></span> <span class='ocrx_word' id='word_1_219' title='bbox 414 2407 482 2460; x_wconf 85' lang='lat' dir='ltr'><strong>Nam</strong></span> <span class='ocrx_word' id='word_1_220' title='bbox 494 2413 520 2460; x_wconf 89' lang='grc' dir='ltr'><strong>ιι</strong></span> <span class='ocrx_word' id='word_1_221' title='bbox 530 2409 660 2461; x_wconf 87' lang='lat' dir='ltr'><strong>immerito</strong></span> <span class='ocrx_word' id='word_1_222' title='bbox 672 2407 847 2479; x_wconf 81' lang='lat' dir='ltr'><strong>Epiphaniam</strong></span> <span class='ocrx_word' id='word_1_223' title='bbox 859 2413 977 2473; x_wconf 83' lang='lat' dir='ltr'><strong>accusat,</strong></span> <span class='ocrx_word' id='word_1_224' title='bbox 990 2407 1035 2477; x_wconf 90' lang='lat' dir='ltr'><strong>qni</strong></span> <span class='ocrx_word' id='word_1_225' title='bbox 1047 2422 1127 2476; x_wconf 83' lang='lat' dir='ltr'><strong>quam</strong></span> <span class='ocrx_word' id='word_1_226' title='bbox 1138 2421 1154 2458; x_wconf 82' lang='lat' dir='ltr'><strong>a</strong></span> <span class='ocrx_word' id='word_1_227' title='bbox 1164 2405 1266 2460; x_wconf 88' lang='lat' dir='ltr'><strong>Iudaeis</strong></span> <span class='ocrx_word' id='word_1_228' title='bbox 1278 2409 1383 2458; x_wconf 79' lang='lat' dir='ltr'><strong>noverat</strong></span> <span class='ocrx_word' id='word_1_229' title='bbox 1393 2405 1489 2459; x_wconf 82' lang='lat' dir='ltr'><strong>obser·</strong></span> <span class='ocrx_word' id='word_1_230' title='bbox 1598 2461 1599 2464; x_wconf 60' lang='grc'>,</span> 
     </span>
     <span class='ocr_line' id='line_1_23' title="bbox 217 2488 1599 2563; baseline -0.001 -18"><span class='ocrx_word' id='word_1_231' title='bbox 217 2493 293 2545; x_wconf 70' lang='lat' dir='ltr'><strong>affl·</strong></span> <span class='ocrx_word' id='word_1_232' title='bbox 318 2494 374 2547; x_wconf 84' lang='lat' dir='ltr'><strong>rari</strong></span> <span class='ocrx_word' id='word_1_233' title='bbox 390 2499 537 2563; x_wconf 84' lang='lat' dir='ltr'><strong>temporum</strong></span> <span class='ocrx_word' id='word_1_234' title='bbox 554 2493 695 2560; x_wconf 87' lang='lat' dir='ltr'><strong>rationem,</strong></span> <span class='ocrx_word' id='word_1_235' title='bbox 713 2509 771 2546; x_wconf 88' lang='lat' dir='ltr'><strong>eam</strong></span> <span class='ocrx_word' id='word_1_236' title='bbox 789 2493 982 2550; x_wconf 86' lang='lat' dir='ltr'><strong>commentariis</strong></span> <span class='ocrx_word' id='word_1_237' title='bbox 1000 2492 1055 2545; x_wconf 86' lang='lat' dir='ltr'><strong>suis</strong></span> <span class='ocrx_word' id='word_1_238' title='bbox 1073 2492 1200 2563; x_wconf 79' lang='lat' dir='ltr'><strong>exposuit</strong></span> <span class='ocrx_word' id='word_1_239' title='bbox 1234 2489 1263 2544; x_wconf 92' lang='lat' dir='ltr'><strong>lu</strong></span> <span class='ocrx_word' id='word_1_240' title='bbox 1279 2507 1331 2561; x_wconf 84' lang='lat' dir='ltr'><strong>quo</strong></span> <span class='ocrx_word' id='word_1_241' title='bbox 1346 2488 1413 2543; x_wconf 88' lang='lat' dir='ltr'><strong>nihil</strong></span> <span class='ocrx_word' id='word_1_242' title='bbox 1430 2491 1489 2561; x_wconf 87' lang='lat' dir='ltr'><strong>ipse</strong></span> <span class='ocrx_word' id='word_1_243' title='bbox 1598 2525 1599 2528; x_wconf 55' lang='lat'><em>=</em></span> 
     </span>
     <span class='ocr_line' id='line_1_24' title="bbox 318 2575 1489 2650; baseline -0.003 -18"><span class='ocrx_word' id='word_1_244' title='bbox 318 2585 418 2650; x_wconf 87' lang='lat' dir='ltr'><strong>peccat.</strong></span> <span class='ocrx_word' id='word_1_245' title='bbox 453 2577 543 2648; x_wconf 89' lang='lat' dir='ltr'><strong>Neque</strong></span> <span class='ocrx_word' id='word_1_246' title='bbox 555 2595 615 2632; x_wconf 82' lang='lat' dir='ltr'><strong>¹uere</strong></span> <span class='ocrx_word' id='word_1_247' title='bbox 628 2579 730 2648; x_wconf 79' lang='lat' dir='ltr'><strong>cyclum</strong></span> <span class='ocrx_word' id='word_1_248' title='bbox 742 2577 823 2644; x_wconf 89' lang='lat' dir='ltr'><strong>huuc,</strong></span> <span class='ocrx_word' id='word_1_249' title='bbox 839 2585 870 2633; x_wconf 91' lang='lat' dir='ltr'><strong>ut</strong></span> <span class='ocrx_word' id='word_1_250' title='bbox 881 2578 992 2650; x_wconf 87' lang='lat' dir='ltr'><strong>probum</strong></span> <span class='ocrx_word' id='word_1_251' title='bbox 1003 2593 1033 2630; x_wconf 89' lang='lat' dir='ltr'><strong>ae</strong></span> <span class='ocrx_word' id='word_1_252' title='bbox 1045 2577 1203 2648; x_wconf 84' lang='lat' dir='ltr'><strong>legitimum,</strong></span> <span class='ocrx_word' id='word_1_253' title='bbox 1219 2575 1343 2640; x_wconf 82' lang='lat' dir='ltr'><strong>obtrusit,</strong></span> <span class='ocrx_word' id='word_1_254' title='bbox 1359 2575 1433 2644; x_wconf 84' lang='lat' dir='ltr'><strong>quud</strong></span> <span class='ocrx_word' id='word_1_255' title='bbox 1445 2592 1489 2629; x_wconf 83' lang='lat' dir='ltr'><strong>ca·</strong></span> 
     </span>
     <span class='ocr_line' id='line_1_25' title="bbox 318 2660 1599 2733; baseline -0.002 -16"><span class='ocrx_word' id='word_1_256' title='bbox 318 2664 461 2718; x_wconf 87' lang='lat' dir='ltr'><strong>lumnistnr</strong></span> <span class='ocrx_word' id='word_1_257' title='bbox 472 2663 598 2733; x_wconf 86' lang='lat' dir='ltr'><strong>Scaliger.</strong></span> <span class='ocrx_word' id='word_1_258' title='bbox 621 2663 677 2717; x_wconf 90' lang='lat' dir='ltr'><strong>lmo</strong></span> <span class='ocrx_word' id='word_1_259' title='bbox 690 2682 704 2718; x_wconf 94' lang='grc' dir='ltr'><strong>ι</strong></span> <span class='ocrx_word' id='word_1_260' title='bbox 716 2665 845 2719; x_wconf 82' lang='grc' dir='ltr'><strong>ιοοιιιιίο</strong></span> <span class='ocrx_word' id='word_1_261' title='bbox 855 2665 978 2718; x_wconf 82' lang='lat' dir='ltr'><strong>uitiosum</strong></span> <span class='ocrx_word' id='word_1_262' title='bbox 988 2663 1070 2716; x_wconf 85' lang='lat' dir='ltr'><strong>fuisse</strong></span> <span class='ocrx_word' id='word_1_263' title='bbox 1082 2679 1135 2715; x_wconf 89' lang='lat' dir='ltr'><strong>nou</strong></span> <span class='ocrx_word' id='word_1_264' title='bbox 1147 2662 1257 2715; x_wconf 88' lang='lat' dir='ltr'><strong>obscure</strong></span> <span class='ocrx_word' id='word_1_265' title='bbox 1268 2660 1412 2731; x_wconf 76' lang='lat' dir='ltr'><strong>siguificat,</strong></span> <span class='ocrx_word' id='word_1_266' title='bbox 1427 2677 1488 2715; x_wconf 86' lang='lat' dir='ltr'><strong>eum</strong></span> <span class='ocrx_word' id='word_1_267' title='bbox 1598 2719 1599 2724; x_wconf 7' lang='grc' dir='ltr'>ἵ</span> 
     </span>
     <span class='ocr_line' id='line_1_26' title="bbox 319 2747 1376 2814; baseline -0.003 -10"><span class='ocrx_word' id='word_1_268' title='bbox 319 2749 398 2804; x_wconf 92' lang='lat' dir='ltr'><strong>biduo</strong></span> <span class='ocrx_word' id='word_1_269' title='bbox 410 2765 428 2802; x_wconf 84' lang='lat' dir='ltr'><strong>a</strong></span> <span class='ocrx_word' id='word_1_270' title='bbox 438 2750 594 2802; x_wconf 87' lang='lat' dir='ltr'><strong>coelestibus</strong></span> <span class='ocrx_word' id='word_1_271' title='bbox 606 2751 749 2804; x_wconf 79' lang='lat' dir='ltr'><strong>neomeniis</strong></span> <span class='ocrx_word' id='word_1_272' title='bbox 762 2751 896 2804; x_wconf 84' lang='lat' dir='ltr'><strong>aberrasse</strong></span> <span class='ocrx_word' id='word_1_273' title='bbox 908 2749 994 2814; x_wconf 88' lang='lat' dir='ltr'><strong>docet,</strong></span> <span class='ocrx_word' id='word_1_274' title='bbox 1006 2753 1037 2801; x_wconf 90' lang='grc' dir='ltr'><strong>ιιι</strong></span> <span class='ocrx_word' id='word_1_275' title='bbox 1047 2747 1150 2801; x_wconf 83' lang='lat' dir='ltr'><strong>abunde</strong></span> <span class='ocrx_word' id='word_1_276' title='bbox 1161 2747 1317 2800; x_wconf 80' lang='lat' dir='ltr'><strong>declaratum</strong></span> <span class='ocrx_word' id='word_1_277' title='bbox 1328 2753 1376 2801; x_wconf 80' lang='lat' dir='ltr'><strong>est</strong></span> 
     </span>
     <span class='ocr_line' id='line_1_27' title="bbox 262 2830 1488 2907; baseline -0.001 -20"><span class='ocrx_word' id='word_1_278' title='bbox 262 2888 271 2907; x_wconf 62' lang='lat'>‚</span> <span class='ocrx_word' id='word_1_279' title='bbox 386 2835 443 2887; x_wconf 83' lang='lat' dir='ltr'><strong>lam</strong></span> <span class='ocrx_word' id='word_1_280' title='bbox 454 2834 518 2888; x_wconf 94' lang='lat' dir='ltr'><strong>illud</strong></span> <span class='ocrx_word' id='word_1_281' title='bbox 530 2835 648 2889; x_wconf 77' lang='lat' dir='ltr'><strong>inscitiae</strong></span> <span class='ocrx_word' id='word_1_282' title='bbox 660 2841 687 2889; x_wconf 93' lang='lat' dir='ltr'><strong>et</strong></span> <span class='ocrx_word' id='word_1_283' title='bbox 698 2835 802 2905; x_wconf 85' lang='lat' dir='ltr'><strong>quidem</strong></span> <span class='ocrx_word' id='word_1_284' title='bbox 817 2835 924 2888; x_wconf 89' lang='lat' dir='ltr'><strong>minime</strong></span> <span class='ocrx_word' id='word_1_285' title='bbox 937 2834 1066 2904; x_wconf 82' lang='lat' dir='ltr'><strong>vulgaris,</strong></span> <span class='ocrx_word' id='word_1_286' title='bbox 1084 2832 1154 2903; x_wconf 84' lang='lat' dir='ltr'><strong>quod</strong></span> <span class='ocrx_word' id='word_1_287' title='bbox 1168 2830 1343 2904; x_wconf 78' lang='lat' dir='ltr'><strong>Epiphaniam</strong></span> <span class='ocrx_word' id='word_1_288' title='bbox 1357 2848 1391 2886; x_wconf 92' lang='lat' dir='ltr'><strong>ne</strong></span> <span class='ocrx_word' id='word_1_289' title='bbox 1407 2833 1488 2888; x_wconf 81' lang='lat' dir='ltr'><strong>intel-</strong></span> 
     </span>
     <span class='ocr_line' id='line_1_28' title="bbox 318 2916 1489 2991; baseline -0.001 -18"><span class='ocrx_word' id='word_1_290' title='bbox 318 2920 384 2973; x_wconf 85' lang='lat' dir='ltr'><strong>lexit</strong></span> <span class='ocrx_word' id='word_1_291' title='bbox 395 2919 507 2989; x_wconf 87' lang='lat' dir='ltr'><strong>quidem.</strong></span> <span class='ocrx_word' id='word_1_292' title='bbox 542 2919 613 2985; x_wconf 87' lang='lat' dir='ltr'><strong>Quae</strong></span> <span class='ocrx_word' id='word_1_293' title='bbox 625 2927 665 2974; x_wconf 91' lang='lat' dir='ltr'><strong>est</strong></span> <span class='ocrx_word' id='word_1_294' title='bbox 677 2921 747 2974; x_wconf 89' lang='lat' dir='ltr'><strong>euim</strong></span> <span class='ocrx_word' id='word_1_295' title='bbox 762 2921 814 2974; x_wconf 86' lang='lat' dir='ltr'><strong>ieta</strong></span> <span class='ocrx_word' id='word_1_296' title='bbox 829 2917 1008 2991; x_wconf 77' lang='lat' dir='ltr'><strong>reprehensio,</strong></span> <span class='ocrx_word' id='word_1_297' title='bbox 1025 2935 1079 2973; x_wconf 91' lang='lat' dir='ltr'><strong>nou</strong></span> <span class='ocrx_word' id='word_1_298' title='bbox 1095 2935 1174 2989; x_wconf 85' lang='lat' dir='ltr'><strong>posse</strong></span> <span class='ocrx_word' id='word_1_299' title='bbox 1191 2935 1224 2972; x_wconf 87' lang='lat' dir='ltr'><strong>ex</strong></span> <span class='ocrx_word' id='word_1_300' title='bbox 1241 2916 1310 2970; x_wconf 86' lang='lat' dir='ltr'><strong>horis</strong></span> <span class='ocrx_word' id='word_1_301' title='bbox 1327 2925 1398 2982; x_wconf 85' lang='lat' dir='ltr'><strong>octo,</strong></span> <span class='ocrx_word' id='word_1_302' title='bbox 1417 2933 1489 2988; x_wconf 83' lang='lat' dir='ltr'><strong>quae</strong></span> 
     </span>
     <span class='ocr_line' id='line_1_29' title="bbox 319 3002 1488 3076; baseline 0 -18"><span class='ocrx_word' id='word_1_303' title='bbox 319 3005 460 3076; x_wconf 69' lang='lat' dir='ltr'><strong>supressa</strong></span> <span class='ocrx_word' id='word_1_304' title='bbox 473 3005 527 3058; x_wconf 86' lang='lat' dir='ltr'><strong>dies</strong></span> <span class='ocrx_word' id='word_1_305' title='bbox 541 3007 650 3076; x_wconf 83' lang='lat' dir='ltr'><strong>siugulis</strong></span> <span class='ocrx_word' id='word_1_306' title='bbox 663 3006 739 3059; x_wconf 89' lang='lat' dir='ltr'><strong>anuis</strong></span> <span class='ocrx_word' id='word_1_307' title='bbox 751 3011 928 3071; x_wconf 79' lang='lat' dir='ltr'><strong>accensentur,</strong></span> <span class='ocrx_word' id='word_1_308' title='bbox 946 3007 974 3059; x_wconf 91' lang='lat' dir='ltr'><strong>iu</strong></span> <span class='ocrx_word' id='word_1_309' title='bbox 989 3013 1041 3059; x_wconf 87' lang='lat' dir='ltr'><strong>tres</strong></span> <span class='ocrx_word' id='word_1_310' title='bbox 1060 3021 1143 3058; x_wconf 84' lang='lat' dir='ltr'><strong>annos</strong></span> <span class='ocrx_word' id='word_1_311' title='bbox 1160 3003 1228 3056; x_wconf 91' lang='lat' dir='ltr'><strong>diem</strong></span> <span class='ocrx_word' id='word_1_312' title='bbox 1243 3002 1349 3068; x_wconf 85' lang='lat' dir='ltr'><strong>confici,</strong></span> <span class='ocrx_word' id='word_1_313' title='bbox 1367 3019 1430 3058; x_wconf 86' lang='lat' dir='ltr'><strong>enm</strong></span> <span class='ocrx_word' id='word_1_314' title='bbox 1449 3021 1488 3057; x_wconf 74' lang='lat' dir='ltr'><strong>re</strong></span> 
     </span>
     <span class='ocr_line' id='line_1_30' title="bbox 318 3087 1599 3162; baseline -0.003 -17"><span class='ocrx_word' id='word_1_315' title='bbox 318 3093 470 3162; x_wconf 85' lang='lat' dir='ltr'><strong>linquantur</strong></span> <span class='ocrx_word' id='word_1_316' title='bbox 482 3097 542 3161; x_wconf 86' lang='lat' dir='ltr'><strong>post</strong></span> <span class='ocrx_word' id='word_1_317' title='bbox 553 3092 693 3145; x_wconf 77' lang='lat' dir='ltr'><strong>tdenuium</strong></span> <span class='ocrx_word' id='word_1_318' title='bbox 706 3089 869 3156; x_wconf 78' lang='lat' dir='ltr'><strong>dies2,hor.</strong></span> <span class='ocrx_word' id='word_1_319' title='bbox 881 3091 929 3144; x_wconf 77' lang='lat'><strong>18?</strong></span> <span class='ocrx_word' id='word_1_320' title='bbox 963 3090 1004 3144; x_wconf 81' lang='lat' dir='ltr'><strong>hu</strong></span> <span class='ocrx_word' id='word_1_321' title='bbox 1017 3095 1075 3144; x_wconf 87' lang='lat' dir='ltr'><strong>octo</strong></span> <span class='ocrx_word' id='word_1_322' title='bbox 1092 3094 1131 3143; x_wconf 93' lang='lat' dir='ltr'><strong>ter</strong></span> <span class='ocrx_word' id='word_1_323' title='bbox 1145 3087 1362 3160; x_wconf 53' lang='lat' dir='ltr'><strong>multiplicasti</strong></span> <span class='ocrx_word' id='word_1_324' title='bbox 1378 3105 1435 3142; x_wconf 88' lang='lat' dir='ltr'><strong>non</strong></span> <span class='ocrx_word' id='word_1_325' title='bbox 1452 3089 1489 3142; x_wconf 85' lang='lat' dir='ltr'><strong>el-</strong></span> <span class='ocrx_word' id='word_1_326' title='bbox 1598 3115 1599 3136; x_wconf 62' lang='lat' dir='ltr'><strong>r</strong></span> 
     </span>
     <span class='ocr_line' id='line_1_31' title="bbox 318 3173 1489 3246; baseline -0.002 -16"><span class='ocrx_word' id='word_1_327' title='bbox 318 3177 427 3230; x_wconf 84' lang='lat' dir='ltr'><strong>ficiunt?</strong></span> <span class='ocrx_word' id='word_1_328' title='bbox 461 3178 540 3246; x_wconf 84' lang='lat' dir='ltr'><strong>Atqui</strong></span> <span class='ocrx_word' id='word_1_329' title='bbox 552 3175 600 3230; x_wconf 92' lang='lat' dir='ltr'><strong>hoc</strong></span> <span class='ocrx_word' id='word_1_330' title='bbox 613 3177 699 3230; x_wconf 87' lang='lat' dir='ltr'><strong>solum</strong></span> <span class='ocrx_word' id='word_1_331' title='bbox 710 3177 793 3230; x_wconf 83' lang='lat' dir='ltr'><strong>voluit</strong></span> <span class='ocrx_word' id='word_1_332' title='bbox 803 3174 975 3246; x_wconf 76' lang='lat' dir='ltr'><strong>Epiphanius,</strong></span> <span class='ocrx_word' id='word_1_333' title='bbox 992 3176 1075 3230; x_wconf 88' lang='lat' dir='ltr'><strong>tribus</strong></span> <span class='ocrx_word' id='word_1_334' title='bbox 1091 3176 1167 3230; x_wconf 83' lang='lat' dir='ltr'><strong>annis</strong></span> <span class='ocrx_word' id='word_1_335' title='bbox 1182 3175 1318 3228; x_wconf 85' lang='lat' dir='ltr'><strong>lunaribus</strong></span> <span class='ocrx_word' id='word_1_336' title='bbox 1330 3173 1398 3228; x_wconf 85' lang='grc' dir='ltr'><strong>ι11ιιιι</strong></span> <span class='ocrx_word' id='word_1_337' title='bbox 1412 3189 1489 3228; x_wconf 86' lang='grc' dir='ltr'><strong>ιοιιι-</strong></span> 
     </span>
     <span class='ocr_line' id='line_1_32' title="bbox 319 3259 1599 3332; baseline -0.002 -16"><span class='ocrx_word' id='word_1_338' title='bbox 319 3267 414 3332; x_wconf 87' lang='lat' dir='ltr'><strong>petere.</strong></span> <span class='ocrx_word' id='word_1_339' title='bbox 433 3262 485 3316; x_wconf 86' lang='lat' dir='ltr'><strong>Sed</strong></span> <span class='ocrx_word' id='word_1_340' title='bbox 496 3263 562 3316; x_wconf 86' lang='lat' dir='ltr'><strong>mira</strong></span> <span class='ocrx_word' id='word_1_341' title='bbox 573 3263 636 3316; x_wconf 87' lang='lat' dir='ltr'><strong>haec</strong></span> <span class='ocrx_word' id='word_1_342' title='bbox 647 3261 814 3316; x_wconf 83' lang='lat' dir='ltr'><strong>hallucinatio</strong></span> <span class='ocrx_word' id='word_1_343' title='bbox 824 3262 963 3332; x_wconf 78' lang='lat' dir='ltr'><strong>Scaligeri,</strong></span> <span class='ocrx_word' id='word_1_344' title='bbox 977 3262 1046 3332; x_wconf 89' lang='lat' dir='ltr'><strong>quod</strong></span> <span class='ocrx_word' id='word_1_345' title='bbox 1057 3261 1199 3316; x_wconf 86' lang='lat' dir='ltr'><strong>triennium</strong></span> <span class='ocrx_word' id='word_1_346' title='bbox 1208 3260 1298 3314; x_wconf 88' lang='lat' dir='ltr'><strong>innare</strong></span> <span class='ocrx_word' id='word_1_347' title='bbox 1309 3275 1370 3314; x_wconf 89' lang='lat' dir='ltr'><strong>cnm</strong></span> <span class='ocrx_word' id='word_1_348' title='bbox 1381 3259 1488 3314; x_wconf 81' lang='lat' dir='ltr'><strong>iuliano</strong></span> <span class='ocrx_word' id='word_1_349' title='bbox 1598 3327 1599 3330; x_wconf 8' lang='grc' dir='ltr'><strong>Ἴ</strong></span> 
     </span>
     <span class='ocr_line' id='line_1_33' title="bbox 319 3345 1488 3418; baseline -0.003 -16"><span class='ocrx_word' id='word_1_350' title='bbox 319 3349 464 3418; x_wconf 89' lang='lat' dir='ltr'><strong>comparari</strong></span> <span class='ocrx_word' id='word_1_351' title='bbox 475 3347 589 3403; x_wconf 80' lang='lat' dir='ltr'><strong>credidit,</strong></span> <span class='ocrx_word' id='word_1_352' title='bbox 613 3347 680 3402; x_wconf 85' lang='lat' dir='ltr'><strong>Nem</strong></span> <span class='ocrx_word' id='word_1_353' title='bbox 692 3348 803 3400; x_wconf 86' lang='lat' dir='ltr'><strong>trieteris</strong></span> <span class='ocrx_word' id='word_1_354' title='bbox 814 3348 917 3400; x_wconf 83' lang='lat' dir='ltr'><strong>Iuliana</strong></span> <span class='ocrx_word' id='word_1_355' title='bbox 928 3347 982 3400; x_wconf 90' lang='lat' dir='ltr'><strong>dies</strong></span> <span class='ocrx_word' id='word_1_356' title='bbox 994 3346 1073 3401; x_wconf 88' lang='lat' dir='ltr'><strong>habet</strong></span> <span class='ocrx_word' id='word_1_357' title='bbox 1086 3346 1163 3410; x_wconf 80' lang='grc'><strong>1005,</strong></span> <span class='ocrx_word' id='word_1_358' title='bbox 1181 3345 1224 3410; x_wconf 86' lang='grc'><strong>18,</strong></span> <span class='ocrx_word' id='word_1_359' title='bbox 1241 3346 1345 3400; x_wconf 83' lang='lat' dir='ltr'><strong>lunares</strong></span> <span class='ocrx_word' id='word_1_360' title='bbox 1356 3345 1421 3398; x_wconf 83' lang='lat' dir='ltr'><strong>anui</strong></span> <span class='ocrx_word' id='word_1_361' title='bbox 1432 3351 1488 3399; x_wconf 83' lang='lat' dir='ltr'><strong>tres</strong></span> 
     </span>
     <span class='ocr_line' id='line_1_34' title="bbox 321 3429 1489 3503; baseline -0.002 -17"><span class='ocrx_word' id='word_1_362' title='bbox 321 3433 455 3502; x_wconf 82' lang='lat' dir='ltr'><strong>simplices</strong></span> <span class='ocrx_word' id='word_1_363' title='bbox 468 3431 547 3498; x_wconf 78' lang='grc'><strong>1060,</strong></span> <span class='ocrx_word' id='word_1_364' title='bbox 563 3433 655 3486; x_wconf 84' lang='lat' dir='ltr'><strong>additis</strong></span> <span class='ocrx_word' id='word_1_365' title='bbox 672 3439 712 3487; x_wconf 92' lang='lat' dir='ltr'><strong>ter</strong></span> <span class='ocrx_word' id='word_1_366' title='bbox 724 3438 781 3488; x_wconf 88' lang='lat' dir='ltr'><strong>octo</strong></span> <span class='ocrx_word' id='word_1_367' title='bbox 793 3431 864 3486; x_wconf 87' lang='lat' dir='ltr'><strong>horis</strong></span> <span class='ocrx_word' id='word_1_368' title='bbox 877 3437 903 3486; x_wconf 91' lang='lat' dir='ltr'><strong>et</strong></span> <span class='ocrx_word' id='word_1_369' title='bbox 913 3433 1059 3486; x_wconf 82' lang='lat' dir='ltr'><strong>intercalari</strong></span> <span class='ocrx_word' id='word_1_370' title='bbox 1069 3432 1146 3503; x_wconf 91' lang='lat' dir='ltr'><strong>pleno</strong></span> <span class='ocrx_word' id='word_1_371' title='bbox 1157 3447 1247 3486; x_wconf 89' lang='lat' dir='ltr'><strong>meuse</strong></span> <span class='ocrx_word' id='word_1_372' title='bbox 1262 3430 1331 3484; x_wconf 88' lang='lat' dir='ltr'><strong>liunt</strong></span> <span class='ocrx_word' id='word_1_373' title='bbox 1344 3429 1423 3495; x_wconf 81' lang='lat'><strong>1093,</strong></span> <span class='ocrx_word' id='word_1_374' title='bbox 1442 3431 1489 3502; x_wconf 86' lang='lat' dir='ltr'><strong>qui</strong></span> 
     </span>
     <span class='ocr_line' id='line_1_35' title="bbox 321 3509 1599 3588; baseline 0 -18"><span class='ocrx_word' id='word_1_375' title='bbox 321 3519 353 3571; x_wconf 86' lang='lat' dir='ltr'><strong>de</strong></span> <span class='ocrx_word' id='word_1_376' title='bbox 364 3518 465 3572; x_wconf 82' lang='lat' dir='ltr'><strong>Iuliano</strong></span> <span class='ocrx_word' id='word_1_377' title='bbox 478 3519 589 3572; x_wconf 90' lang='lat' dir='ltr'><strong>triennio</strong></span> <span class='ocrx_word' id='word_1_378' title='bbox 602 3517 710 3572; x_wconf 83' lang='lat' dir='ltr'><strong>detracti</strong></span> <span class='ocrx_word' id='word_1_379' title='bbox 721 3519 873 3588; x_wconf 91' lang='lat' dir='ltr'><strong>relinquunt</strong></span> <span class='ocrx_word' id='word_1_380' title='bbox 884 3517 938 3572; x_wconf 88' lang='lat' dir='ltr'><strong>dies</strong></span> <span class='ocrx_word' id='word_1_381' title='bbox 950 3517 974 3582; x_wconf 74' lang='lat' dir='ltr'><strong>i,</strong></span> <span class='ocrx_word' id='word_1_382' title='bbox 989 3517 1027 3572; x_wconf 83' lang='lat'><strong>18.</strong></span> <span class='ocrx_word' id='word_1_383' title='bbox 1051 3517 1103 3572; x_wconf 81' lang='lat' dir='ltr'><strong>Sed</strong></span> <span class='ocrx_word' id='word_1_384' title='bbox 1114 3516 1163 3571; x_wconf 89' lang='lat' dir='ltr'><strong>hoc</strong></span> <span class='ocrx_word' id='word_1_385' title='bbox 1176 3516 1209 3570; x_wconf 91' lang='lat' dir='ltr'><strong>ad</strong></span> <span class='ocrx_word' id='word_1_386' title='bbox 1219 3515 1358 3587; x_wconf 83' lang='lat' dir='ltr'><strong>Epiphanii</strong></span> <span class='ocrx_word' id='word_1_387' title='bbox 1369 3521 1487 3570; x_wconf 71' lang='lat' dir='ltr'><strong>mentm</strong></span> <span class='ocrx_word' id='word_1_388' title='bbox 1598 3509 1599 3562; x_wconf 69' lang='grc'><strong>1</strong></span> 
     </span>
     <span class='ocr_line' id='line_1_36' title="bbox 320 3600 1487 3674; baseline -0.001 -17"><span class='ocrx_word' id='word_1_389' title='bbox 320 3609 347 3658; x_wconf 87' lang='grc' dir='ltr'><strong>ιι</strong></span> <span class='ocrx_word' id='word_1_390' title='bbox 357 3603 506 3657; x_wconf 87' lang='lat' dir='ltr'><strong>institutum</strong></span> <span class='ocrx_word' id='word_1_391' title='bbox 518 3602 582 3656; x_wconf 90' lang='lat' dir='ltr'><strong>uihil</strong></span> <span class='ocrx_word' id='word_1_392' title='bbox 594 3605 711 3674; x_wconf 86' lang='lat' dir='ltr'><strong>pertinet.</strong></span> <span class='ocrx_word' id='word_1_393' title='bbox 733 3603 792 3656; x_wconf 88' lang='lat' dir='ltr'><strong>Nou</strong></span> <span class='ocrx_word' id='word_1_394' title='bbox 804 3604 874 3658; x_wconf 86' lang='lat' dir='ltr'><strong>enim</strong></span> <span class='ocrx_word' id='word_1_395' title='bbox 885 3603 950 3657; x_wconf 85' lang='lat' dir='ltr'><strong>duas</strong></span> <span class='ocrx_word' id='word_1_396' title='bbox 961 3603 1028 3657; x_wconf 89' lang='lat' dir='ltr'><strong>inter</strong></span> <span class='ocrx_word' id='word_1_397' title='bbox 1039 3619 1068 3656; x_wconf 88' lang='grc' dir='ltr'><strong>ιι</strong></span> <span class='ocrx_word' id='word_1_398' title='bbox 1079 3602 1223 3656; x_wconf 87' lang='lat' dir='ltr'><strong>trieterides</strong></span> <span class='ocrx_word' id='word_1_399' title='bbox 1235 3605 1382 3672; x_wconf 83' lang='lat' dir='ltr'><strong>comparat,</strong></span> <span class='ocrx_word' id='word_1_400' title='bbox 1393 3600 1444 3654; x_wconf 88' lang='lat' dir='ltr'><strong>sed</strong></span> <span class='ocrx_word' id='word_1_401' title='bbox 1456 3602 1487 3656; x_wconf 81' lang='lat' dir='ltr'><strong>de</strong></span> 
     </span>
     <span class='ocr_line' id='line_1_37' title="bbox 319 3686 1486 3759; baseline -0.002 -17"><span class='ocrx_word' id='word_1_402' title='bbox 319 3691 406 3743; x_wconf 87' lang='lat' dir='ltr'><strong>lunari</strong></span> <span class='ocrx_word' id='word_1_403' title='bbox 422 3689 550 3742; x_wconf 77' lang='lat' dir='ltr'><strong>duntaxat</strong></span> <span class='ocrx_word' id='word_1_404' title='bbox 567 3689 677 3744; x_wconf 88' lang='lat' dir='ltr'><strong>triennio</strong></span> <span class='ocrx_word' id='word_1_405' title='bbox 695 3689 816 3758; x_wconf 87' lang='lat' dir='ltr'><strong>loquitur.</strong></span> <span class='ocrx_word' id='word_1_406' title='bbox 853 3689 959 3742; x_wconf 81' lang='lat' dir='ltr'><strong>Caetera</strong></span> <span class='ocrx_word' id='word_1_407' title='bbox 975 3705 1042 3759; x_wconf 88' lang='lat' dir='ltr'><strong>quae</strong></span> <span class='ocrx_word' id='word_1_408' title='bbox 1059 3687 1090 3742; x_wconf 91' lang='lat' dir='ltr'><strong>ds</strong></span> <span class='ocrx_word' id='word_1_409' title='bbox 1107 3689 1170 3742; x_wconf 88' lang='lat' dir='ltr'><strong>solis</strong></span> <span class='ocrx_word' id='word_1_410' title='bbox 1182 3686 1291 3758; x_wconf 78' lang='grc' dir='ltr'><strong>ὑπεροχῇ</strong></span> <span class='ocrx_word' id='word_1_411' title='bbox 1303 3687 1419 3758; x_wconf 84' lang='lat' dir='ltr'><strong>quinque</strong></span> <span class='ocrx_word' id='word_1_412' title='bbox 1430 3687 1486 3741; x_wconf 85' lang='lat' dir='ltr'><strong>iere</strong></span> 
     </span>
     <span class='ocr_line' id='line_1_38' title="bbox 320 3770 1486 3844; baseline -0.003 -15"><span class='ocrx_word' id='word_1_413' title='bbox 320 3777 420 3828; x_wconf 88' lang='lat' dir='ltr'><strong>dierum</strong></span> <span class='ocrx_word' id='word_1_414' title='bbox 439 3775 539 3838; x_wconf 91' lang='lat' dir='ltr'><strong>obiicit,</strong></span> <span class='ocrx_word' id='word_1_415' title='bbox 560 3789 626 3844; x_wconf 86' lang='lat' dir='ltr'><strong>qnae</strong></span> <span class='ocrx_word' id='word_1_416' title='bbox 644 3775 790 3844; x_wconf 86' lang='lat' dir='ltr'><strong>praecisam</strong></span> <span class='ocrx_word' id='word_1_417' title='bbox 806 3775 934 3828; x_wconf 87' lang='lat' dir='ltr'><strong>rationem</strong></span> <span class='ocrx_word' id='word_1_418' title='bbox 951 3779 978 3828; x_wconf 91' lang='lat' dir='ltr'><strong>et</strong></span> <span class='ocrx_word' id='word_1_419' title='bbox 995 3770 1191 3826; x_wconf 73' lang='grc' dir='ltr'><strong>ἀποκατάστασιν</strong></span> <span class='ocrx_word' id='word_1_420' title='bbox 1208 3773 1405 3827; x_wconf 78' lang='lat' dir='ltr'><strong>neomeniarum</strong></span> <span class='ocrx_word' id='word_1_421' title='bbox 1425 3791 1486 3844; x_wconf 87' lang='lat' dir='ltr'><strong>pro·</strong></span> 
     </span>
     <span class='ocr_line' id='line_1_39' title="bbox 319 3858 1485 3932; baseline 0 -18"><span class='ocrx_word' id='word_1_422' title='bbox 319 3859 438 3925; x_wconf 88' lang='lat' dir='ltr'><strong>hibeaut,</strong></span> <span class='ocrx_word' id='word_1_423' title='bbox 455 3859 531 3913; x_wconf 76' lang='lat' dir='ltr'><strong>facile</strong></span> <span class='ocrx_word' id='word_1_424' title='bbox 544 3877 577 3912; x_wconf 88' lang='lat' dir='ltr'><strong>ex</strong></span> <span class='ocrx_word' id='word_1_425' title='bbox 590 3861 621 3914; x_wconf 86' lang='lat' dir='ltr'><strong>iis</strong></span> <span class='ocrx_word' id='word_1_426' title='bbox 635 3876 701 3929; x_wconf 87' lang='lat' dir='ltr'><strong>quas</strong></span> <span class='ocrx_word' id='word_1_427' title='bbox 713 3864 791 3914; x_wconf 85' lang='lat' dir='ltr'><strong>antea</strong></span> <span class='ocrx_word' id='word_1_428' title='bbox 803 3859 971 3914; x_wconf 74' lang='grc' dir='ltr'><strong>ἀιιιιιιιίιοιιο</strong></span> <span class='ocrx_word' id='word_1_429' title='bbox 983 3865 1094 3932; x_wconf 85' lang='lat' dir='ltr'><strong>possunt</strong></span> <span class='ocrx_word' id='word_1_430' title='bbox 1104 3858 1194 3914; x_wconf 76' lang='lat' dir='ltr'><strong>refelli.</strong></span> <span class='ocrx_word' id='word_1_431' title='bbox 1229 3858 1289 3913; x_wconf 90' lang='lat' dir='ltr'><strong>Nou</strong></span> <span class='ocrx_word' id='word_1_432' title='bbox 1300 3859 1369 3912; x_wconf 87' lang='lat' dir='ltr'><strong>enirn</strong></span> <span class='ocrx_word' id='word_1_433' title='bbox 1381 3859 1485 3928; x_wconf 76' lang='lat' dir='ltr'><strong>cyclum</strong></span> 
     </span>
     <span class='ocr_line' id='line_1_40' title="bbox 321 3935 1599 4016; baseline -0.002 -16"><span class='ocrx_word' id='word_1_434' title='bbox 321 3946 450 4000; x_wconf 84' lang='lat' dir='ltr'><strong>duntaxat</strong></span> <span class='ocrx_word' id='word_1_435' title='bbox 461 3961 589 3998; x_wconf 83' lang='lat' dir='ltr'><strong>annorum</strong></span> <span class='ocrx_word' id='word_1_436' title='bbox 600 3945 631 3998; x_wconf 89' lang='grc'><strong>14</strong></span> <span class='ocrx_word' id='word_1_437' title='bbox 643 3961 782 4016; x_wconf 83' lang='lat' dir='ltr'><strong>usurpasse</strong></span> <span class='ocrx_word' id='word_1_438' title='bbox 794 3943 904 4000; x_wconf 83' lang='lat' dir='ltr'><strong>ludaeos</strong></span> <span class='ocrx_word' id='word_1_439' title='bbox 917 3952 1005 3999; x_wconf 90' lang='lat' dir='ltr'><strong>censet</strong></span> <span class='ocrx_word' id='word_1_440' title='bbox 1015 3943 1187 4016; x_wconf 83' lang='lat' dir='ltr'><strong>Epiphanius,</strong></span> <span class='ocrx_word' id='word_1_441' title='bbox 1199 3949 1246 3998; x_wconf 85' lang='lat' dir='ltr'><strong>aut</strong></span> <span class='ocrx_word' id='word_1_442' title='bbox 1256 3945 1283 3998; x_wconf 93' lang='lat' dir='ltr'><strong>iu</strong></span> <span class='ocrx_word' id='word_1_443' title='bbox 1295 3960 1326 3999; x_wconf 91' lang='lat' dir='ltr'><strong>eo</strong></span> <span class='ocrx_word' id='word_1_444' title='bbox 1338 3943 1485 4014; x_wconf 83' lang='lat' dir='ltr'><strong>praecisam</strong></span> <span class='ocrx_word' id='word_1_445' title='bbox 1598 3935 1599 3942; x_wconf 37' lang='lat'>¹</span> 
     </span>
     <span class='ocr_line' id='line_1_41' title="bbox 320 4029 1484 4102; baseline -0.003 -17"><span class='ocrx_word' id='word_1_446' title='bbox 320 4033 456 4102; x_wconf 88' lang='lat' dir='ltr'><strong>utriusque</strong></span> <span class='ocrx_word' id='word_1_447' title='bbox 474 4031 566 4085; x_wconf 86' lang='lat' dir='ltr'><strong>sideris</strong></span> <span class='ocrx_word' id='word_1_448' title='bbox 584 4031 794 4084; x_wconf 84' lang='lat' dir='ltr'><strong>conciliationem</strong></span> <span class='ocrx_word' id='word_1_449' title='bbox 810 4031 880 4095; x_wconf 88' lang='lat' dir='ltr'><strong>fieri,</strong></span> <span class='ocrx_word' id='word_1_450' title='bbox 899 4030 945 4084; x_wconf 87' lang='lat' dir='ltr'><strong>sed</strong></span> <span class='ocrx_word' id='word_1_451' title='bbox 961 4031 987 4084; x_wconf 94' lang='lat' dir='ltr'><strong>id</strong></span> <span class='ocrx_word' id='word_1_452' title='bbox 1003 4029 1036 4084; x_wconf 83' lang='lat'><strong>84</strong></span> <span class='ocrx_word' id='word_1_453' title='bbox 1048 4030 1153 4084; x_wconf 88' lang='lat' dir='ltr'><strong>demum</strong></span> <span class='ocrx_word' id='word_1_454' title='bbox 1164 4030 1239 4084; x_wconf 85' lang='lat' dir='ltr'><strong>anuis</strong></span> <span class='ocrx_word' id='word_1_455' title='bbox 1251 4029 1361 4084; x_wconf 82' lang='lat' dir='ltr'><strong>evolutis</strong></span> <span class='ocrx_word' id='word_1_456' title='bbox 1374 4029 1484 4084; x_wconf 88' lang='lat' dir='ltr'><strong>obtineri</strong></span> 
     </span>
     <span class='ocr_line' id='line_1_42' title="bbox 321 4115 1483 4186; baseline -0.003 -16"><span class='ocrx_word' id='word_1_457' title='bbox 321 4135 355 4170; x_wconf 87' lang='lat' dir='ltr'><strong>ex</strong></span> <span class='ocrx_word' id='word_1_458' title='bbox 366 4117 521 4170; x_wconf 87' lang='lat' dir='ltr'><strong>ludaeorum</strong></span> <span class='ocrx_word' id='word_1_459' title='bbox 533 4117 653 4186; x_wconf 90' lang='lat' dir='ltr'><strong>opinione</strong></span> <span class='ocrx_word' id='word_1_460' title='bbox 666 4117 761 4171; x_wconf 91' lang='lat' dir='ltr'><strong>docuit.</strong></span> <span class='ocrx_word' id='word_1_461' title='bbox 785 4117 818 4169; x_wconf 82' lang='lat' dir='ltr'><strong>ht</strong></span> <span class='ocrx_word' id='word_1_462' title='bbox 831 4117 859 4170; x_wconf 91' lang='lat' dir='ltr'><strong>iu</strong></span> <span class='ocrx_word' id='word_1_463' title='bbox 876 4115 1137 4170; x_wconf 82' lang='lat' dir='ltr'><strong>tessaradecaiterids</strong></span> <span class='ocrx_word' id='word_1_464' title='bbox 1152 4115 1283 4170; x_wconf 85' lang='lat' dir='ltr'><strong>lunarium</strong></span> <span class='ocrx_word' id='word_1_465' title='bbox 1298 4115 1428 4170; x_wconf 80' lang='lat' dir='ltr'><strong>duntaxat</strong></span> <span class='ocrx_word' id='word_1_466' title='bbox 1441 4131 1483 4184; x_wconf 69' lang='lat' dir='ltr'><strong>ap·</strong></span> 
     </span>
     <span class='ocr_line' id='line_1_43' title="bbox 321 4199 1483 4273; baseline -0.003 -17"><span class='ocrx_word' id='word_1_467' title='bbox 321 4204 456 4273; x_wconf 77' lang='lat' dir='ltr'><strong>uygiarum</strong></span> <span class='ocrx_word' id='word_1_468' title='bbox 473 4199 671 4254; x_wconf 78' lang='grc' dir='ltr'><strong>ἀποκατάστασιν</strong></span> <span class='ocrx_word' id='word_1_469' title='bbox 688 4202 890 4273; x_wconf 85' lang='lat' dir='ltr'><strong>repraesentari,</strong></span> <span class='ocrx_word' id='word_1_470' title='bbox 906 4202 1044 4256; x_wconf 86' lang='lat' dir='ltr'><strong>reservetis</strong></span> <span class='ocrx_word' id='word_1_471' title='bbox 1062 4202 1153 4255; x_wconf 87' lang='lat' dir='ltr'><strong>diebus</strong></span> <span class='ocrx_word' id='word_1_472' title='bbox 1165 4220 1189 4265; x_wconf 82' lang='lat' dir='ltr'><strong>r,</strong></span> <span class='ocrx_word' id='word_1_473' title='bbox 1211 4216 1277 4271; x_wconf 83' lang='lat' dir='ltr'><strong>quae</strong></span> <span class='ocrx_word' id='word_1_474' title='bbox 1297 4207 1359 4254; x_wconf 88' lang='lat' dir='ltr'><strong>sunt</strong></span> <span class='ocrx_word' id='word_1_475' title='bbox 1379 4207 1483 4272; x_wconf 85' lang='lat' dir='ltr'><strong>epactae</strong></span> 
     </span>
     <span class='ocr_line' id='line_1_44' title="bbox 320 4285 1482 4357; baseline -0.002 -17"><span class='ocrx_word' id='word_1_476' title='bbox 320 4289 439 4353; x_wconf 87' lang='lat' dir='ltr'><strong>lunares,</strong></span> <span class='ocrx_word' id='word_1_477' title='bbox 460 4289 488 4341; x_wconf 89' lang='lat' dir='ltr'><strong>in</strong></span> <span class='ocrx_word' id='word_1_478' title='bbox 510 4304 608 4342; x_wconf 84' lang='lat' dir='ltr'><strong>anuum</strong></span> <span class='ocrx_word' id='word_1_479' title='bbox 625 4287 659 4342; x_wconf 79' lang='lat'><strong>84</strong></span> <span class='ocrx_word' id='word_1_480' title='bbox 676 4295 829 4353; x_wconf 85' lang='lat' dir='ltr'><strong>exeuntem,</strong></span> <span class='ocrx_word' id='word_1_481' title='bbox 846 4289 888 4341; x_wconf 79' lang='lat' dir='ltr'><strong>rel</strong></span> <span class='ocrx_word' id='word_1_482' title='bbox 905 4288 1039 4341; x_wconf 87' lang='lat' dir='ltr'><strong>ineuntem</strong></span> <span class='ocrx_word' id='word_1_483' title='bbox 1056 4285 1098 4340; x_wconf 76' lang='lat'><strong>85.</strong></span> <span class='ocrx_word' id='word_1_484' title='bbox 1132 4287 1204 4350; x_wconf 85' lang='lat' dir='ltr'><strong>Quae</strong></span> <span class='ocrx_word' id='word_1_485' title='bbox 1222 4286 1310 4340; x_wconf 85' lang='lat' dir='ltr'><strong>omnia</strong></span> <span class='ocrx_word' id='word_1_486' title='bbox 1326 4285 1482 4357; x_wconf 88' lang='lat' dir='ltr'><strong>perpendere</strong></span> 
     </span>
     <span class='ocr_line' id='line_1_45' title="bbox 321 4371 1482 4446; baseline 0 -20"><span class='ocrx_word' id='word_1_487' title='bbox 321 4375 377 4427; x_wconf 89' lang='lat' dir='ltr'><strong>eius</strong></span> <span class='ocrx_word' id='word_1_488' title='bbox 393 4375 516 4428; x_wconf 82' lang='lat' dir='ltr'><strong>intererat</strong></span> <span class='ocrx_word' id='word_1_489' title='bbox 533 4375 578 4443; x_wconf 87' lang='lat' dir='ltr'><strong>qni</strong></span> <span class='ocrx_word' id='word_1_490' title='bbox 595 4379 641 4428; x_wconf 86' lang='lat' dir='ltr'><strong>aut</strong></span> <span class='ocrx_word' id='word_1_491' title='bbox 657 4374 764 4428; x_wconf 83' lang='lat' dir='ltr'><strong>alterins</strong></span> <span class='ocrx_word' id='word_1_492' title='bbox 782 4389 895 4428; x_wconf 88' lang='lat' dir='ltr'><strong>errorem</strong></span> <span class='ocrx_word' id='word_1_493' title='bbox 912 4389 1021 4446; x_wconf 80' lang='lat' dir='ltr'><strong>arguere</strong></span> <span class='ocrx_word' id='word_1_494' title='bbox 1037 4373 1127 4437; x_wconf 79' lang='lat' dir='ltr'><strong>vellet,</strong></span> <span class='ocrx_word' id='word_1_495' title='bbox 1148 4378 1194 4426; x_wconf 84' lang='lat' dir='ltr'><strong>eut</strong></span> <span class='ocrx_word' id='word_1_496' title='bbox 1213 4371 1401 4428; x_wconf 74' lang='lat' dir='ltr'><strong>exhtimatieni</strong></span> <span class='ocrx_word' id='word_1_497' title='bbox 1420 4387 1482 4426; x_wconf 86' lang='lat' dir='ltr'><strong>suae</strong></span> 
     </span>
     <span class='ocr_line' id='line_1_46' title="bbox 322 4460 464 4516; baseline 0 -4"><span class='ocrx_word' id='word_1_498' title='bbox 322 4460 464 4516; x_wconf 86' lang='lat' dir='ltr'><strong>consulere.</strong></span> 
     </span>
    </p>
   </div>
   <div class='ocr_carea' id='block_1_5' title="bbox 0 0 1607 5158">
    <p class='ocr_par' dir='ltr' id='par_1_5' title="bbox 0 0 1607 5158">
     <span class='ocr_line' id='line_1_47' title="bbox 0 0 1607 5158; baseline 0 0"><span class='ocrx_word' id='word_1_499' title='bbox 0 0 1607 5158; x_wconf 95' lang='lat' dir='ltr'><strong> </strong></span> 
     </span>
    </p>
   </div>
  </div>
 </body>
</html>
