3274 5154
241 1157 568 1250 AUCTORUM
616 1156 717 1256 QUI
764 1157 827 1248 IN

1211 307 1380 362 cccxxvii

875 1155 1352 1246 ANIMAIIVERSIO-

296 1540 594 1616 accumulatus,
623 1537 922 1602 ILLUSTRANTUR
944 1537 1017 1600 VEL
1039 1537 1309 1604 subnubilus

620 1702 978 1806 colonobus,

474 2086 510 2146 A.

212 2253 286 2305 hben
299 2252 376 2316 hara,
394 2269 419 2322 p.
432 2253 456 2306 5.
475 2253 502 2306 in
520 2270 542 2306 o.
556 2271 578 2308 s.
596 2254 662 2308 Dan.
691 2271 716 2323 p.
732 2254 769 2306 18.

606 2339 645 2392 19.
659 2337 699 2392 61.
712 2339 769 2391 370.

209 2423 336 2476 hellenus
354 2422 397 2476 lib.
411 2422 443 2475 ll.
456 2423 488 2476 de
501 2426 584 2478 huim.
598 2441 620 2478 c.
632 2424 673 2476 50.
693 2441 716 2493 p.
730 2424 770 2476 65.

243 2509 289 2563 lib.
307 2508 349 2563 Vl.
378 2508 438 2561 hist.
461 2509 546 2562 huim.
574 2525 595 2563 c.
617 2509 658 2564 93.
687 2527 711 2578 p.
730 2509 770 2563 68.

245 2592 440 2647 lbwaffi
691 2594 769 2665 pm

211 2680 302 2732 hitins
320 2679 366 2732 lib.
380 2677 451 2732 XIII.
471 2695 493 2734 c.
512 2679 550 2751 14.
674 2698 699 2750 p.
712 2679 771 2734 993.

211 2763 356 2817 Africanus.
424 2781 448 2833 p.
461 2765 486 2818 5.
499 2765 523 2816 8.
540 2765 577 2820 13,
592 2765 629 2818 ll.
646 2765 700 2819 176.
714 2763 772 2819 903.

212 2849 358 2903 Alexander
376 2850 454 2920 episc.
474 2850 548 2904 Alex.
605 2867 629 2920 p.
643 2849 701 2904 985.
714 2849 771 2904 986.

212 2935 366 2989 Ambrosius
378 2941 512 2988 correctns
524 2951 556 2987 ex
570 2935 698 3004 probabili
711 2951 772 2988 oon-

241 3021 344 3090 jectura
361 3021 388 3072 in
406 3037 463 3090 cap.
475 3019 572 3074 XXIV.
591 3019 676 3076 Lucae
694 3037 719 3090 p.
731 3020 772 3072 49.

245 3104 290 3163 lib.
303 3106 323 3158 l.
347 3105 422 3159 Ollio.
446 3122 468 3160 c.
484 3106 521 3158 18.
544 3123 570 3176 p.
582 3105 623 3159 56.
647 3105 772 3159 Sermone

244 3193 271 3245 in
284 3190 314 3245 11.
328 3191 386 3244 Fer.
404 3199 462 3260 post
476 3192 598 3245 domiuic.
615 3189 633 3246 l.
648 3189 772 3260 quadrag.

245 3293 271 3345 p.
277 3277 318 3329 76.
332 3276 376 3330 lih.
389 3276 407 3328 I.
425 3277 456 3328 do
469 3277 567 3330 Posuit.
582 3291 637 3346 cap.
647 3275 672 3329 9.
680 3293 705 3346 p.
712 3275 769 3330 996.

245 3361 303 3414 933.
313 3362 344 3414 de
353 3363 453 3415 Posuit.
463 3377 519 3432 cap.
536 3362 573 3415 10.
583 3379 608 3432 p.
623 3360 679 3415 937.
689 3361 770 3431 Epist.

245 3446 278 3499 ad
295 3450 373 3516 episc.
393 3448 484 3500 homil.
674 3464 698 3516 p.
711 3447 769 3500 999.

212 3533 366 3585 Ammianus
379 3531 545 3586 Marcellinus
562 3533 771 3586 hunvini.

245 3617 290 3670 lib.
301 3616 388 3672 xllx.
674 3635 698 3686 p.
712 3617 768 3670 343.

214 3703 367 3755 Anastasius
385 3702 486 3756 Sinaits
531 3719 556 3772 p.
570 3702 627 3756 995.
641 3702 698 3757 998.
711 3703 779 3757 367..

214 3787 500 3841 hnatoIIneillustratnr
509 3805 534 3858 p.
543 3787 597 3841 189.
608 3795 633 3841 et
640 3788 770 3857 deinceps.

213 3873 390 3943 Apollinarins
407 3871 511 3926 Laodio.
676 3891 701 3943 p.
715 3874 773 3926 904.

215 3959 386 4029 Apollodorus
398 3959 442 4012 lib.
455 3959 474 4011 1.
484 3958 660 4014 Bibliothecae
678 3976 702 4029 p.
732 3959 773 4010 46.

214 4043 401 4114 Aristophanes
419 4043 446 4097 in
464 4043 649 4114 Thesmophor.
680 4060 704 4113 p.
720 4045 775 4098 136.

214 4127 395 4200 Aristophanis
423 4127 582 4183 Scholiaetes
614 4128 647 4181 ad
675 4128 774 4198 Σφῆκας

712 4231 737 4284 p.
750 4215 774 4267 9.

216 4300 368 4354 Aristoteles
381 4299 424 4353 lib.
437 4300 457 4354 1.
469 4299 501 4352 de
511 4301 612 4354 Anima.
625 4315 647 4352 c.
657 4299 681 4354 3.
694 4317 718 4370 p.
735 4299 773 4352 17.

248 4385 293 4440 lib.
307 4385 341 4438 VI
359 4386 390 4438 de
408 4385 467 4438 hlei.
481 4386 566 4438 Anim.
584 4402 606 4438 c.
619 4384 661 4439 99.
678 4402 703 4454 p.
719 4384 773 4439 136.

250 4472 294 4525 lib.
304 4471 335 4526 V.
345 4471 396 4525 c.9.
406 4488 431 4540 p.
441 4469 497 4526 137.
506 4472 613 4524 Meteon.
623 4471 674 4525 sc.
684 4487 709 4540 p.
719 4469 774 4524 137.

251 4557 295 4612 lib.
310 4557 351 4612 Vl.
369 4555 429 4610 hist.
448 4558 533 4611 noim.
551 4571 573 4611 o.
586 4555 628 4610 31.
679 4573 703 4626 p.
716 4554 775 4609 339.

822 2081 952 2135 Arnobius
1319 2099 1344 2152 p.
1357 2081 1382 2135 7.

823 2167 981 2221 hthanasioe
1003 2167 1030 2219 ln
1048 2167 1161 2236 Synopsi
1183 2183 1209 2236 p.
1222 2165 1263 2220 59.
1286 2167 1382 2236 Apolo-

856 2254 901 2322 gia
912 2253 944 2305 ll.
963 2268 987 2322 p.
1001 2251 1060 2305 987.
1078 2251 1148 2304 Orat.
1158 2251 1201 2304 IV.
1219 2269 1244 2322 p.
1260 2251 1318 2304 989.
1336 2253 1380 2306 lih.

856 2339 887 2391 de
902 2337 999 2407 Synod.
1013 2340 1118 2391 Ilrmeu.
1130 2343 1156 2390 et
1168 2337 1267 2391 Selene.
1285 2355 1310 2407 p.
1323 2336 1382 2394 391.

824 2424 1004 2493 Athenagorae
1023 2425 1049 2475 in
1062 2422 1152 2492 Legat.
1170 2439 1217 2493 pto
1228 2422 1382 2476 Christiania

823 2594 972 2650 Athenaeus
990 2594 1034 2649 lib.
1047 2591 1105 2646 xil.
1287 2610 1312 2664 p.
1324 2591 1383 2647 983.

826 2683 987 2750 Augustinus
1005 2680 1050 2734 lib.
1063 2679 1082 2734 l.
1104 2685 1196 2732 contra
1214 2679 1383 2733 cresconium

857 2781 913 2835 cap.
927 2764 967 2817 31.
985 2782 1010 2835 p.
1023 2765 1064 2819 50.
1082 2765 1127 2817 lib.
1139 2763 1198 2818 XII.
1215 2769 1306 2816 contra
1317 2763 1383 2817 Fau·

857 2858 926 2904 etum
954 2867 975 2904 c.
992 2849 1033 2902 35.
1052 2853 1087 2918 p.
1104 2849 1146 2902 76,
1173 2849 1218 2902 lib.
1234 2847 1266 2900 11.
1294 2857 1383 2901 contra

856 2935 976 2989 Poimen.
1003 2951 1028 3004 p.
1048 2933 1090 2988 79.
1121 2934 1165 2988 lib.
1193 2932 1224 2986 de
1250 2933 1383 2988 Haeresib.

858 3037 883 3091 p.
912 3021 953 3074 85.
989 3021 1035 3072 lib.
1056 3018 1115 3074 XII.
1142 3027 1231 3072 contra
1257 3017 1383 3074 Faustum

858 3123 881 3160 c.
890 3106 928 3160 14.
939 3104 1020 3175 Epist.
1031 3104 1094 3158 LIV.
1107 3121 1132 3174 p.
1138 3103 1195 3159 936.
1207 3111 1290 3160 contr.
1300 3105 1383 3162 elim.

859 3209 880 3246 o.
893 3192 916 3245 9.
936 3209 952 3261 p
973 3190 1031 3245 988.
1055 3189 1100 3245 lib.
1112 3189 1144 3244 ll.
1162 3190 1194 3242 de
1206 3191 1297 3244 Trinit.
1315 3191 1350 3246 ih.
1363 3191 1382 3244 1.

858 3277 889 3330 de
902 3277 993 3330 Trinit.
1013 3294 1036 3330 c.
1052 3276 1089 3328 19.
1109 3294 1133 3346 p.
1146 3275 1249 3330 989111
1266 3275 1297 3331 de
1307 3275 1383 3348 ssspt.

856 3363 951 3420 Donat.
962 3361 1050 3432 p.340.
1061 3362 1141 3431 Epist.
1148 3361 1279 3415 LXXVII.
1288 3379 1314 3432 p.
1323 3361 1383 3418 367.

856 3449 900 3502 lib.
912 3449 943 3500 dc
954 3448 1021 3500 Cara
1031 3463 1077 3518 pro
1087 3452 1163 3501 mort.
1174 3462 1216 3516 ag.
1227 3463 1249 3502 c.
1260 3448 1283 3502 l.
1294 3465 1319 3518 p.
1325 3446 1383 3502 367.

854 3535 899 3588 lib.
912 3533 965 3588 XX
985 3541 1076 3585 contra
1087 3531 1175 3586 Faust.
1194 3549 1215 3586 c.
1228 3532 1269 3586 91.
1287 3549 1312 3602 p.
1324 3531 1383 3586 368.

856 3620 900 3673 lib.
922 3618 993 3672 XVI.
1016 3617 1047 3670 de
1065 3617 1120 3671 Ciu.
1138 3616 1184 3670 Dei
1213 3633 1234 3670 c.
1255 3617 1293 3670 13.
1316 3635 1341 3688 p.
1357 3619 1382 3673 5·

858 3703 961 3767 Quaest.
976 3701 1031 3756 159.
1043 3703 1068 3754 in
1084 3701 1149 3756 Gen.
1169 3707 1196 3754 et
1212 3702 1256 3755 lib.
1269 3703 1339 3757 XVI.
1351 3705 1383 3758 de

857 3788 932 3842 (livit.
950 3804 972 3843 c.
984 3788 1026 3841 49.
1045 3805 1069 3858 p.
1086 3789 1122 3840 14.
1146 3787 1190 3840 lib.
1202 3787 1272 3841 XVI.
1293 3797 1385 3843 contra

858 3873 984 3926 Faustam
995 3889 1017 3928 c.
1026 3872 1068 3926 38.
1083 3889 1107 3942 p.
1117 3871 1159 3926 43.
1174 3873 1219 3926 111).
1228 3873 1247 3927 I.
1261 3873 1293 3927 de
1304 3874 1383 3945 Nuph

859 3976 880 4012 c.
896 3959 934 4010 ll.

825 4214 948 4268 balsamo
961 4214 994 4267 ad
1006 4230 1096 4267 canon.
1109 4211 1191 4268 Lxx.
1202 4213 1294 4266 Basilii
1306 4231 1331 4284 p.
1340 4213 1382 4271 77.

837 4300 892 4352 ‘ad
916 4298 986 4353 xlv,
1008 4315 1134 4352 canonem
1157 4299 1383 4355 Neocaesariensie

859 4384 1457 4454 ωωψωωωωω·

859 4487 917 4524 can.
929 4469 1024 4523 LXIX.
1061 4546 1064 4554 Ι
1285 4488 1312 4541 p.
1323 4471 1382 4527 361.

827 4557 934 4610 Batonii
947 4557 1061 4609 Annales
1078 4555 1111 4608 ad
1129 4571 1227 4609 sunum
1242 4557 1297 4610 190.
1306 4573 1331 4627 p.
1341 4557 1383 4612 43.
