<?xml version="1.0" encoding="UTF-8"?>
<!DOCTYPE html PUBLIC "-//W3C//DTD XHTML 1.0 Transitional//EN"
    "http://www.w3.org/TR/xhtml1/DTD/xhtml1-transitional.dtd">
<html xmlns="http://www.w3.org/1999/xhtml" xml:lang="en" lang="en">
 <head>
  <title>
</title>
<meta http-equiv="Content-Type" content="text/html;charset=utf-8" />
  <meta name='ocr-system' content='tesseract 3.04.00' />
  <meta name='ocr-capabilities' content='ocr_page ocr_carea ocr_par ocr_line ocrx_word'/>
</head>
<body>
  <div class='ocr_page' id='page_1' title='image "./corporishaerese03unkngoog_0078.png"; bbox 0 0 3210 5154; ppageno 0'>
   <div class='ocr_carea' id='block_1_1' title="bbox 451 419 1260 499">
    <p class='ocr_par' dir='ltr' id='par_1_1' title="bbox 451 419 1260 499">
     <span class='ocr_line' id='line_1_1' title="bbox 451 419 1260 499; baseline 0.009 -7"><span class='ocrx_word' id='word_1_1' title='bbox 451 439 611 495; x_wconf 74' lang='lat' dir='ltr'><strong>scauraa</strong></span> <span class='ocrx_word' id='word_1_2' title='bbox 631 443 671 494; x_wconf 75' lang='lat' dir='ltr'><strong>aa</strong></span> <span class='ocrx_word' id='word_1_3' title='bbox 688 419 765 494; x_wconf 81' lang='lat' dir='ltr'><strong>una¹</strong></span> <span class='ocrx_word' id='word_1_4' title='bbox 780 443 907 495; x_wconf 75' lang='lat' dir='ltr'><strong>isauro.</strong></span> <span class='ocrx_word' id='word_1_5' title='bbox 1220 435 1260 499; x_wconf 86' lang='grc'><strong>69</strong></span> 
     </span>
    </p>
   </div>
   <div class='ocr_carea' id='block_1_2' title="bbox 108 561 1266 4728">
    <p class='ocr_par' dir='ltr' id='par_1_2' title="bbox 113 561 1262 1042">
     <span class='ocr_line' id='line_1_2' title="bbox 115 561 1262 631; baseline 0.003 -17"><span class='ocrx_word' id='word_1_6' title='bbox 115 561 299 631; x_wconf 78' lang='lat' dir='ltr'><strong>interpungitnr,</strong></span> <span class='ocrx_word' id='word_1_7' title='bbox 323 579 348 630; x_wconf 87' lang='lat' dir='ltr'><strong>p.</strong></span> <span class='ocrx_word' id='word_1_8' title='bbox 359 565 409 612; x_wconf 81' lang='grc'><strong>898</strong></span> <span class='ocrx_word' id='word_1_9' title='bbox 428 565 523 628; x_wconf 79' lang='grc'>(1089)</span> <span class='ocrx_word' id='word_1_10' title='bbox 540 573 567 613; x_wconf 89' lang='lat' dir='ltr'><strong>et</strong></span> <span class='ocrx_word' id='word_1_11' title='bbox 583 581 658 631; x_wconf 79' lang='lat' dir='ltr'><strong>saepe</strong></span> <span class='ocrx_word' id='word_1_12' title='bbox 675 563 741 614; x_wconf 86' lang='lat' dir='ltr'><strong>alibi.</strong></span> <span class='ocrx_word' id='word_1_13' title='bbox 776 563 872 614; x_wconf 83' lang='lat' dir='ltr'><strong>Nostro</strong></span> <span class='ocrx_word' id='word_1_14' title='bbox 889 562 947 614; x_wconf 91' lang='lat' dir='ltr'><strong>loco</strong></span> <span class='ocrx_word' id='word_1_15' title='bbox 966 563 1065 615; x_wconf 84' lang='lat' dir='ltr'><strong>verbum</strong></span> <span class='ocrx_word' id='word_1_16' title='bbox 1083 564 1197 619; x_wconf 67' lang='lat' dir='ltr'><strong>litturae</strong></span> <span class='ocrx_word' id='word_1_17' title='bbox 1215 581 1262 618; x_wconf 88' lang='lat' dir='ltr'><strong>co-</strong></span> 
     </span>
     <span class='ocr_line' id='line_1_3' title="bbox 114 642 1261 717; baseline 0.003 -19"><span class='ocrx_word' id='word_1_18' title='bbox 114 647 223 716; x_wconf 66' lang='lat' dir='ltr'><strong>gitatione</strong></span> <span class='ocrx_word' id='word_1_19' title='bbox 238 647 403 714; x_wconf 81' lang='lat' dir='ltr'><strong>repetendum</strong></span> <span class='ocrx_word' id='word_1_20' title='bbox 420 647 453 698; x_wconf 80' lang='lat' dir='ltr'><strong>acl</strong></span> <span class='ocrx_word' id='word_1_21' title='bbox 469 645 502 702; x_wconf 79' lang='lat' dir='ltr'><strong>td</strong></span> <span class='ocrx_word' id='word_1_22' title='bbox 526 644 642 716; x_wconf 82' lang='grc' dir='ltr'><strong>ύπεράνυ)</strong></span> <span class='ocrx_word' id='word_1_23' title='bbox 666 649 717 702; x_wconf 75' lang='grc' dir='ltr'><strong>τῶν</strong></span> <span class='ocrx_word' id='word_1_24' title='bbox 741 642 859 715; x_wconf 77' lang='grc' dir='ltr'><strong>σύρανῶν.</strong></span> <span class='ocrx_word' id='word_1_25' title='bbox 901 645 988 704; x_wconf 75' lang='lat' dir='ltr'><strong>llo&#39;tn</strong></span> <span class='ocrx_word' id='word_1_26' title='bbox 1012 659 1051 700; x_wconf 80' lang='lat' dir='ltr'><strong>est</strong></span> <span class='ocrx_word' id='word_1_27' title='bbox 1075 650 1205 717; x_wconf 82' lang='lat' dir='ltr'><strong>negantis,</strong></span> <span class='ocrx_word' id='word_1_28' title='bbox 1232 659 1261 702; x_wconf 88' lang='lat' dir='ltr'><strong>ut</strong></span> 
     </span>
     <span class='ocr_line' id='line_1_4' title="bbox 115 731 1262 803; baseline 0.003 -19"><span class='ocrx_word' id='word_1_29' title='bbox 115 735 140 786; x_wconf 99' lang='lat' dir='ltr'><strong>T.</strong></span> <span class='ocrx_word' id='word_1_30' title='bbox 150 735 189 784; x_wconf 95' lang='lat' dir='ltr'><strong>lll.</strong></span> <span class='ocrx_word' id='word_1_31' title='bbox 199 751 223 801; x_wconf 85' lang='lat' dir='ltr'><strong>p.</strong></span> <span class='ocrx_word' id='word_1_32' title='bbox 235 736 284 784; x_wconf 75' lang='lat'><strong>210</strong></span> <span class='ocrx_word' id='word_1_33' title='bbox 296 735 374 797; x_wconf 80' lang='grc'>(988)</span> <span class='ocrx_word' id='word_1_34' title='bbox 395 732 436 783; x_wconf 92' lang='lat' dir='ltr'><strong>ubi</strong></span> <span class='ocrx_word' id='word_1_35' title='bbox 449 732 500 785; x_wconf 87' lang='lat' dir='ltr'><strong>vid.</strong></span> <span class='ocrx_word' id='word_1_36' title='bbox 513 744 598 786; x_wconf 86' lang='lat' dir='ltr'><strong>annot.</strong></span> <span class='ocrx_word' id='word_1_37' title='bbox 616 734 706 803; x_wconf 86' lang='lat' dir='ltr'><strong>Neque</strong></span> <span class='ocrx_word' id='word_1_38' title='bbox 721 733 747 784; x_wconf 92' lang='lat' dir='ltr'><strong>in</strong></span> <span class='ocrx_word' id='word_1_39' title='bbox 764 733 867 800; x_wconf 73' lang='lat' dir='ltr'><strong>integris</strong></span> <span class='ocrx_word' id='word_1_40' title='bbox 877 743 974 784; x_wconf 86' lang='lat' dir='ltr'><strong>tantum</strong></span> <span class='ocrx_word' id='word_1_41' title='bbox 992 733 1205 786; x_wconf 81' lang='lat' dir='ltr'><strong>enunciationibus</strong></span> <span class='ocrx_word' id='word_1_42' title='bbox 1215 731 1262 790; x_wconf 87' lang='grc' dir='ltr'><strong>πύ-</strong></span> 
     </span>
     <span class='ocr_line' id='line_1_5' title="bbox 114 817 1260 888; baseline -0.002 -16"><span class='ocrx_word' id='word_1_43' title='bbox 114 821 150 872; x_wconf 76' lang='lat' dir='ltr'><strong>‘ltt</strong></span> <span class='ocrx_word' id='word_1_44' title='bbox 166 837 212 878; x_wconf 80' lang='lat'><strong>-3</strong></span> <span class='ocrx_word' id='word_1_45' title='bbox 237 818 345 886; x_wconf 76' lang='lat' dir='ltr'><strong>negandi</strong></span> <span class='ocrx_word' id='word_1_46' title='bbox 363 817 413 868; x_wconf 88' lang='lat' dir='ltr'><strong>vim</strong></span> <span class='ocrx_word' id='word_1_47' title='bbox 430 817 522 880; x_wconf 82' lang='lat' dir='ltr'><strong>habet,</strong></span> <span class='ocrx_word' id='word_1_48' title='bbox 547 818 592 868; x_wconf 90' lang='lat' dir='ltr'><strong>sed</strong></span> <span class='ocrx_word' id='word_1_49' title='bbox 610 819 735 870; x_wconf 86' lang='lat' dir='ltr'><strong>interdum</strong></span> <span class='ocrx_word' id='word_1_50' title='bbox 752 818 827 869; x_wconf 88' lang='lat' dir='ltr'><strong>ctiam</strong></span> <span class='ocrx_word' id='word_1_51' title='bbox 845 837 890 887; x_wconf 86' lang='lat' dir='ltr'><strong>per</strong></span> <span class='ocrx_word' id='word_1_52' title='bbox 906 835 934 870; x_wconf 83' lang='lat' dir='ltr'><strong>se</strong></span> <span class='ocrx_word' id='word_1_53' title='bbox 951 819 999 870; x_wconf 88' lang='lat' dir='ltr'><strong>hae</strong></span> <span class='ocrx_word' id='word_1_54' title='bbox 1016 820 1041 869; x_wconf 81' lang='lat' dir='ltr'><strong>vi</strong></span> <span class='ocrx_word' id='word_1_55' title='bbox 1059 820 1166 888; x_wconf 87' lang='lat' dir='ltr'><strong>ponitur.</strong></span> <span class='ocrx_word' id='word_1_56' title='bbox 1201 819 1260 870; x_wconf 74' lang='lat' dir='ltr'><strong>virt.</strong></span> 
     </span>
     <span class='ocr_line' id='line_1_6' title="bbox 114 901 1261 972; baseline 0.003 -20"><span class='ocrx_word' id='word_1_57' title='bbox 114 911 187 953; x_wconf 82' lang='lat' dir='ltr'><strong>rnnnt.</strong></span> <span class='ocrx_word' id='word_1_58' title='bbox 204 901 229 953; x_wconf 92' lang='lat' dir='ltr'><strong>in</strong></span> <span class='ocrx_word' id='word_1_59' title='bbox 248 906 327 954; x_wconf 78' lang='lat' dir='ltr'><strong>Ellam</strong></span> <span class='ocrx_word' id='word_1_60' title='bbox 346 907 404 955; x_wconf 61' lang='grc' dir='ltr'><strong>(λεί.</strong></span> <span class='ocrx_word' id='word_1_61' title='bbox 424 903 473 954; x_wconf 89' lang='lat' dir='ltr'><strong>ool.</strong></span> <span class='ocrx_word' id='word_1_62' title='bbox 494 906 544 953; x_wconf 79' lang='grc'><strong>888</strong></span> <span class='ocrx_word' id='word_1_63' title='bbox 562 905 630 971; x_wconf 76' lang='lat'>(15).</span> <span class='ocrx_word' id='word_1_64' title='bbox 644 921 681 972; x_wconf 86' lang='lat' dir='ltr'><strong>sq.</strong></span> <span class='ocrx_word' id='word_1_65' title='bbox 725 903 751 954; x_wconf 81' lang='lat' dir='ltr'><strong>Si</strong></span> <span class='ocrx_word' id='word_1_66' title='bbox 769 919 817 972; x_wconf 90' lang='lat' dir='ltr'><strong>qua</strong></span> <span class='ocrx_word' id='word_1_67' title='bbox 834 903 915 955; x_wconf 88' lang='lat' dir='ltr'><strong>adbuc</strong></span> <span class='ocrx_word' id='word_1_68' title='bbox 937 920 1001 972; x_wconf 83' lang='lat' dir='ltr'><strong>opus</strong></span> <span class='ocrx_word' id='word_1_69' title='bbox 1019 917 1057 955; x_wconf 85' lang='lat' dir='ltr'><strong>cat</strong></span> <span class='ocrx_word' id='word_1_70' title='bbox 1076 903 1261 967; x_wconf 71' lang='lat' dir='ltr'><strong>emendatione,</strong></span> 
     </span>
     <span class='ocr_line' id='line_1_7' title="bbox 113 981 481 1042; baseline -0.011 -1"><span class='ocrx_word' id='word_1_71' title='bbox 113 981 194 1041; x_wconf 79' lang='lat' dir='ltr'><strong>dente</strong></span> <span class='ocrx_word' id='word_1_72' title='bbox 209 986 290 1042; x_wconf 63' lang='lat' dir='ltr'><strong>rto&#39;btu</strong></span> <span class='ocrx_word' id='word_1_73' title='bbox 307 987 381 1039; x_wconf 84' lang='lat' dir='ltr'><strong>adiici</strong></span> <span class='ocrx_word' id='word_1_74' title='bbox 398 988 481 1039; x_wconf 83' lang='lat' dir='ltr'><strong>velina.</strong></span> 
     </span>
    </p>

    <p class='ocr_par' dir='ltr' id='par_1_3' title="bbox 112 1067 1263 1397">
     <span class='ocr_line' id='line_1_8' title="bbox 169 1067 1259 1142; baseline 0.004 -19"><span class='ocrx_word' id='word_1_75' title='bbox 169 1073 195 1124; x_wconf 82' lang='lat' dir='ltr'><strong>P.</strong></span> <span class='ocrx_word' id='word_1_76' title='bbox 210 1077 261 1124; x_wconf 78' lang='grc'><strong>478</strong></span> <span class='ocrx_word' id='word_1_77' title='bbox 279 1075 366 1139; x_wconf 83' lang='grc'>(680).</span> <span class='ocrx_word' id='word_1_78' title='bbox 407 1073 471 1134; x_wconf 76' lang='lat' dir='ltr'><strong>Ele</strong></span> <span class='ocrx_word' id='word_1_79' title='bbox 496 1073 669 1142; x_wconf 75' lang='grc' dir='ltr'><strong>σωτηρίαν</strong></span> <span class='ocrx_word' id='word_1_80' title='bbox 694 1067 950 1141; x_wconf 74' lang='grc' dir='ltr'><strong>ἀπεσταλμένος</strong></span> <span class='ocrx_word' id='word_1_81' title='bbox 973 1071 1202 1130; x_wconf 71' lang='grc' dir='ltr'><strong>ἐκινδύνευσε</strong></span> <span class='ocrx_word' id='word_1_82' title='bbox 1221 1104 1259 1127; x_wconf 90' lang='grc'><strong>-.</strong></span> 
     </span>
     <span class='ocr_line' id='line_1_9' title="bbox 114 1155 1263 1229; baseline 0.004 -18"><span class='ocrx_word' id='word_1_83' title='bbox 114 1155 206 1226; x_wconf 82' lang='grc' dir='ltr'><strong>Πόσῳ</strong></span> <span class='ocrx_word' id='word_1_84' title='bbox 223 1175 261 1226; x_wconf 85' lang='grc' dir='ltr'><strong>γε</strong></span> <span class='ocrx_word' id='word_1_85' title='bbox 278 1160 407 1226; x_wconf 82' lang='grc' dir='ltr'><strong>μᾶλλον</strong></span> <span class='ocrx_word' id='word_1_86' title='bbox 424 1155 442 1226; x_wconf 73' lang='grc' dir='ltr'><strong>ι)</strong></span> <span class='ocrx_word' id='word_1_87' title='bbox 461 1157 549 1229; x_wconf 76' lang='grc' dir='ltr'><strong>ψυχή</strong></span> <span class='ocrx_word' id='word_1_88' title='bbox 569 1156 815 1214; x_wconf 73' lang='grc' dir='ltr'><strong>κινδυνεύσειε</strong></span> <span class='ocrx_word' id='word_1_89' title='bbox 833 1187 865 1200; x_wconf 89' lang='lat'><strong>-·</strong></span> <span class='ocrx_word' id='word_1_90' title='bbox 882 1162 942 1225; x_wconf 83' lang='lat'><strong>—;]</strong></span> <span class='ocrx_word' id='word_1_91' title='bbox 971 1160 1105 1210; x_wconf 81' lang='lat' dir='ltr'><strong>Rescribe:</strong></span> <span class='ocrx_word' id='word_1_92' title='bbox 1130 1159 1165 1214; x_wconf 85' lang='lat' dir='ltr'><strong>El</strong></span> <span class='ocrx_word' id='word_1_93' title='bbox 1182 1157 1207 1218; x_wconf 89' lang='grc' dir='ltr'><strong>δ’</strong></span> <span class='ocrx_word' id='word_1_94' title='bbox 1225 1161 1263 1225; x_wconf 81' lang='grc' dir='ltr'><strong>είς</strong></span> 
     </span>
     <span class='ocr_line' id='line_1_10' title="bbox 113 1241 1261 1314; baseline 0.003 -18"><span class='ocrx_word' id='word_1_95' title='bbox 113 1243 227 1311; x_wconf 73' lang='lat' dir='ltr'><strong>sumplus</strong></span> <span class='ocrx_word' id='word_1_96' title='bbox 254 1241 415 1298; x_wconf 72' lang='grc' dir='ltr'><strong>ἐκινδύνευσε</strong></span> <span class='ocrx_word' id='word_1_97' title='bbox 431 1273 465 1284; x_wconf 90' lang='grc'><strong>-</strong></span> <span class='ocrx_word' id='word_1_98' title='bbox 482 1273 532 1308; x_wconf 88' lang='grc'><strong>-,</strong></span> <span class='ocrx_word' id='word_1_99' title='bbox 566 1241 641 1314; x_wconf 83' lang='grc' dir='ltr'><strong>πόσῳ</strong></span> <span class='ocrx_word' id='word_1_100' title='bbox 667 1261 698 1312; x_wconf 89' lang='grc' dir='ltr'><strong>γε</strong></span> <span class='ocrx_word' id='word_1_101' title='bbox 723 1245 815 1311; x_wconf 77' lang='grc' dir='ltr'><strong>μᾶλλον</strong></span> <span class='ocrx_word' id='word_1_102' title='bbox 841 1241 949 1314; x_wconf 76' lang='grc' dir='ltr'><strong>η’ύυχῆ</strong></span> <span class='ocrx_word' id='word_1_103' title='bbox 976 1241 1144 1300; x_wconf 87' lang='grc' dir='ltr'><strong>κινδυνεύσειε</strong></span> <span class='ocrx_word' id='word_1_104' title='bbox 1162 1274 1194 1284; x_wconf 90' lang='grc'><strong>-</strong></span> <span class='ocrx_word' id='word_1_105' title='bbox 1212 1268 1261 1312; x_wconf 84' lang='lat'><strong>—;</strong></span> 
     </span>
     <span class='ocr_line' id='line_1_11' title="bbox 112 1328 744 1397; baseline -0.002 -17"><span class='ocrx_word' id='word_1_106' title='bbox 112 1328 175 1380; x_wconf 80' lang='lat' dir='ltr'><strong>cont</strong></span> <span class='ocrx_word' id='word_1_107' title='bbox 191 1345 255 1397; x_wconf 84' lang='lat' dir='ltr'><strong>qnae</strong></span> <span class='ocrx_word' id='word_1_108' title='bbox 272 1329 349 1380; x_wconf 84' lang='lat' dir='ltr'><strong>tundo</strong></span> <span class='ocrx_word' id='word_1_109' title='bbox 366 1329 487 1380; x_wconf 77' lang='lat' dir='ltr'><strong>annotavi</strong></span> <span class='ocrx_word' id='word_1_110' title='bbox 504 1328 536 1380; x_wconf 90' lang='lat' dir='ltr'><strong>ad</strong></span> <span class='ocrx_word' id='word_1_111' title='bbox 554 1346 579 1397; x_wconf 85' lang='lat' dir='ltr'><strong>p.</strong></span> <span class='ocrx_word' id='word_1_112' title='bbox 589 1333 639 1378; x_wconf 74' lang='grc'><strong>171</strong></span> <span class='ocrx_word' id='word_1_113' title='bbox 658 1331 744 1394; x_wconf 77' lang='grc'>(959).</span> 
     </span>
    </p>

    <p class='ocr_par' dir='ltr' id='par_1_4' title="bbox 108 1413 1263 2166">
     <span class='ocr_line' id='line_1_12' title="bbox 168 1413 1261 1486; baseline 0.004 -22"><span class='ocrx_word' id='word_1_114' title='bbox 168 1413 193 1465; x_wconf 87' lang='lat' dir='ltr'><strong>P.</strong></span> <span class='ocrx_word' id='word_1_115' title='bbox 210 1418 261 1464; x_wconf 72' lang='grc'><strong>489</strong></span> <span class='ocrx_word' id='word_1_116' title='bbox 280 1415 365 1482; x_wconf 80' lang='grc'>(898).</span> <span class='ocrx_word' id='word_1_117' title='bbox 392 1415 662 1483; x_wconf 82' lang='grc' dir='ltr'><strong>φρενητιῶντες]</strong></span> <span class='ocrx_word' id='word_1_118' title='bbox 682 1413 840 1482; x_wconf 80' lang='lat' dir='ltr'><strong>Legendum:</strong></span> <span class='ocrx_word' id='word_1_119' title='bbox 861 1415 1042 1482; x_wconf 63' lang='lat' dir='ltr'><strong>concreditae.</strong></span> <span class='ocrx_word' id='word_1_120' title='bbox 1078 1416 1186 1468; x_wconf 83' lang='lat' dir='ltr'><strong>Verbum</strong></span> <span class='ocrx_word' id='word_1_121' title='bbox 1202 1435 1261 1486; x_wconf 84' lang='grc' dir='ltr'><strong>φρε-</strong></span> 
     </span>
     <span class='ocr_line' id='line_1_13' title="bbox 110 1498 1262 1570; baseline 0.004 -18"><span class='ocrx_word' id='word_1_122' title='bbox 110 1500 192 1566; x_wconf 82' lang='grc' dir='ltr'><strong>νιτιᾶν,</strong></span> <span class='ocrx_word' id='word_1_123' title='bbox 210 1501 278 1568; x_wconf 90' lang='lat' dir='ltr'><strong>quod</strong></span> <span class='ocrx_word' id='word_1_124' title='bbox 296 1517 323 1570; x_wconf 83' lang='lat' dir='ltr'><strong>p.</strong></span> <span class='ocrx_word' id='word_1_125' title='bbox 335 1504 384 1550; x_wconf 81' lang='grc'><strong>888</strong></span> <span class='ocrx_word' id='word_1_126' title='bbox 403 1500 480 1570; x_wconf 81' lang='grc'>(891)</span> <span class='ocrx_word' id='word_1_127' title='bbox 499 1499 619 1562; x_wconf 74' lang='lat' dir='ltr'><strong>recurrit,</strong></span> <span class='ocrx_word' id='word_1_128' title='bbox 646 1499 806 1551; x_wconf 74' lang='lat' dir='ltr'><strong>referendum</strong></span> <span class='ocrx_word' id='word_1_129' title='bbox 823 1499 850 1550; x_wconf 88' lang='lat' dir='ltr'><strong>in</strong></span> <span class='ocrx_word' id='word_1_130' title='bbox 866 1498 1001 1550; x_wconf 73' lang='lat' dir='ltr'><strong>rarioribus</strong></span> <span class='ocrx_word' id='word_1_131' title='bbox 1019 1501 1110 1563; x_wconf 86' lang='lat' dir='ltr'><strong>verbis,</strong></span> <span class='ocrx_word' id='word_1_132' title='bbox 1136 1502 1162 1554; x_wconf 90' lang='lat' dir='ltr'><strong>iu</strong></span> <span class='ocrx_word' id='word_1_133' title='bbox 1181 1501 1262 1557; x_wconf 78' lang='lat' dir='ltr'><strong>-cc&#39;c‘s</strong></span> 
     </span>
     <span class='ocr_line' id='line_1_14' title="bbox 110 1583 1262 1653; baseline 0.005 -20"><span class='ocrx_word' id='word_1_134' title='bbox 110 1585 261 1648; x_wconf 73' lang='lat' dir='ltr'><strong>meantibus,</strong></span> <span class='ocrx_word' id='word_1_135' title='bbox 281 1602 386 1653; x_wconf 87' lang='lat' dir='ltr'><strong>quorum</strong></span> <span class='ocrx_word' id='word_1_136' title='bbox 404 1585 523 1636; x_wconf 84' lang='lat' dir='ltr'><strong>nonnulla</strong></span> <span class='ocrx_word' id='word_1_137' title='bbox 543 1587 697 1636; x_wconf 83' lang='lat' dir='ltr'><strong>Cusoubouus</strong></span> <span class='ocrx_word' id='word_1_138' title='bbox 715 1585 820 1636; x_wconf 83' lang='lat' dir='ltr'><strong>Exercit.</strong></span> <span class='ocrx_word' id='word_1_139' title='bbox 838 1587 858 1635; x_wconf 93' lang='lat' dir='ltr'><strong>l.</strong></span> <span class='ocrx_word' id='word_1_140' title='bbox 876 1583 909 1634; x_wconf 84' lang='lat' dir='ltr'><strong>ad</strong></span> <span class='ocrx_word' id='word_1_141' title='bbox 927 1591 1047 1652; x_wconf 77' lang='lat' dir='ltr'><strong>Apparet.</strong></span> <span class='ocrx_word' id='word_1_142' title='bbox 1063 1587 1153 1639; x_wconf 80' lang='lat' dir='ltr'><strong>Annal.</strong></span> <span class='ocrx_word' id='word_1_143' title='bbox 1172 1589 1262 1640; x_wconf 81' lang='lat' dir='ltr'><strong>buron.</strong></span> 
     </span>
     <span class='ocr_line' id='line_1_15' title="bbox 108 1669 1262 1740; baseline 0.003 -20"><span class='ocrx_word' id='word_1_144' title='bbox 108 1673 203 1736; x_wconf 63' lang='grc' dir='ltr'><strong>μηδ.</strong></span> <span class='ocrx_word' id='word_1_145' title='bbox 219 1687 258 1738; x_wconf 84' lang='lat' dir='ltr'><strong>sq.</strong></span> <span class='ocrx_word' id='word_1_146' title='bbox 278 1669 443 1738; x_wconf 68' lang='lat' dir='ltr'><strong>consignavit,</strong></span> <span class='ocrx_word' id='word_1_147' title='bbox 463 1671 487 1721; x_wconf 89' lang='lat' dir='ltr'><strong>in</strong></span> <span class='ocrx_word' id='word_1_148' title='bbox 500 1671 540 1721; x_wconf 81' lang='lat' dir='ltr'><strong>hia</strong></span> <span class='ocrx_word' id='word_1_149' title='bbox 558 1681 648 1721; x_wconf 85' lang='lat' dir='ltr'><strong>nostro</strong></span> <span class='ocrx_word' id='word_1_150' title='bbox 665 1687 695 1721; x_wconf 84' lang='lat' dir='ltr'><strong>ex</strong></span> <span class='ocrx_word' id='word_1_151' title='bbox 706 1671 764 1722; x_wconf 90' lang='lat' dir='ltr'><strong>loco</strong></span> <span class='ocrx_word' id='word_1_152' title='bbox 775 1669 922 1721; x_wconf 89' lang='lat' dir='ltr'><strong>mendosum</strong></span> <span class='ocrx_word' id='word_1_153' title='bbox 931 1672 1075 1738; x_wconf 83' lang='grc' dir='ltr'><strong>φρενητιᾶν,</strong></span> <span class='ocrx_word' id='word_1_154' title='bbox 1094 1671 1162 1740; x_wconf 89' lang='lat' dir='ltr'><strong>quod</strong></span> <span class='ocrx_word' id='word_1_155' title='bbox 1178 1673 1209 1724; x_wconf 89' lang='grc' dir='ltr'><strong>Τ.</strong></span> <span class='ocrx_word' id='word_1_156' title='bbox 1220 1673 1262 1724; x_wconf 88' lang='lat' dir='ltr'><strong>lll.</strong></span> 
     </span>
     <span class='ocr_line' id='line_1_16' title="bbox 109 1755 1263 1828; baseline 0.006 -24"><span class='ocrx_word' id='word_1_157' title='bbox 109 1771 130 1822; x_wconf 86' lang='grc' dir='ltr'><strong>ρ.</strong></span> <span class='ocrx_word' id='word_1_158' title='bbox 144 1758 190 1805; x_wconf 81' lang='grc'><strong>880</strong></span> <span class='ocrx_word' id='word_1_159' title='bbox 207 1756 283 1822; x_wconf 89' lang='grc'>(988)</span> <span class='ocrx_word' id='word_1_160' title='bbox 301 1756 413 1806; x_wconf 79' lang='lat' dir='ltr'><strong>recurrit.</strong></span> <span class='ocrx_word' id='word_1_161' title='bbox 456 1755 527 1807; x_wconf 85' lang='lat' dir='ltr'><strong>Idem</strong></span> <span class='ocrx_word' id='word_1_162' title='bbox 551 1765 683 1822; x_wconf 83' lang='lat' dir='ltr'><strong>practerea</strong></span> <span class='ocrx_word' id='word_1_163' title='bbox 700 1755 830 1807; x_wconf 78' lang='lat' dir='ltr'><strong>annotavit</strong></span> <span class='ocrx_word' id='word_1_164' title='bbox 846 1756 969 1823; x_wconf 78' lang='grc' dir='ltr'><strong>φανητιᾶν</strong></span> <span class='ocrx_word' id='word_1_165' title='bbox 987 1772 1019 1806; x_wconf 85' lang='lat' dir='ltr'><strong>ex</strong></span> <span class='ocrx_word' id='word_1_166' title='bbox 1036 1760 1164 1822; x_wconf 69' lang='lat' dir='ltr'><strong>Africano,</strong></span> <span class='ocrx_word' id='word_1_167' title='bbox 1188 1761 1263 1828; x_wconf 80' lang='lat' dir='ltr'><strong>[luot-</strong></span> 
     </span>
     <span class='ocr_line' id='line_1_17' title="bbox 110 1839 1263 1910; baseline 0.005 -20"><span class='ocrx_word' id='word_1_168' title='bbox 110 1840 167 1893; x_wconf 86' lang='grc' dir='ltr'><strong>λειᾶν</strong></span> <span class='ocrx_word' id='word_1_169' title='bbox 183 1859 214 1890; x_wconf 83' lang='lat' dir='ltr'><strong>cx</strong></span> <span class='ocrx_word' id='word_1_170' title='bbox 228 1843 324 1904; x_wconf 77' lang='grc' dir='ltr'><strong>ισειρδυ</strong></span> <span class='ocrx_word' id='word_1_171' title='bbox 343 1841 370 1890; x_wconf 82' lang='lat' dir='ltr'><strong>ll.</strong></span> <span class='ocrx_word' id='word_1_172' title='bbox 390 1840 444 1892; x_wconf 86' lang='lat' dir='ltr'><strong>lud.</strong></span> <span class='ocrx_word' id='word_1_173' title='bbox 464 1843 495 1892; x_wconf 91' lang='lat' dir='ltr'><strong>ll.</strong></span> <span class='ocrx_word' id='word_1_174' title='bbox 514 1845 537 1890; x_wconf 85' lang='grc'><strong>9.</strong></span> <span class='ocrx_word' id='word_1_175' title='bbox 562 1853 587 1893; x_wconf 84' lang='grc' dir='ltr'><strong>ει</strong></span> <span class='ocrx_word' id='word_1_176' title='bbox 607 1839 760 1897; x_wconf 77' lang='grc' dir='ltr'><strong>ἐπιδεικτιύν</strong></span> <span class='ocrx_word' id='word_1_177' title='bbox 779 1858 809 1892; x_wconf 81' lang='grc' dir='ltr'><strong>ει</strong></span> <span class='ocrx_word' id='word_1_178' title='bbox 827 1843 966 1892; x_wconf 78' lang='grc' dir='ltr'><strong>Τλευιίυνείυ</strong></span> <span class='ocrx_word' id='word_1_179' title='bbox 983 1842 1014 1891; x_wconf 91' lang='lat' dir='ltr'><strong>ll.</strong></span> <span class='ocrx_word' id='word_1_180' title='bbox 1031 1843 1059 1892; x_wconf 86' lang='lat' dir='ltr'><strong>E.</strong></span> <span class='ocrx_word' id='word_1_181' title='bbox 1077 1844 1096 1892; x_wconf 86' lang='grc'><strong>1,</strong></span> <span class='ocrx_word' id='word_1_182' title='bbox 1112 1848 1137 1894; x_wconf 79' lang='lat'><strong>4.</strong></span> <span class='ocrx_word' id='word_1_183' title='bbox 1172 1841 1263 1910; x_wconf 82' lang='grc' dir='ltr'><strong>Φαιη-</strong></span> 
     </span>
     <span class='ocr_line' id='line_1_18' title="bbox 108 1925 1263 1996; baseline 0 -18"><span class='ocrx_word' id='word_1_184' title='bbox 108 1926 154 1978; x_wconf 76' lang='grc' dir='ltr'><strong>τιᾶν</strong></span> <span class='ocrx_word' id='word_1_185' title='bbox 168 1925 245 1978; x_wconf 85' lang='lat' dir='ltr'><strong>habet</strong></span> <span class='ocrx_word' id='word_1_186' title='bbox 262 1925 338 1975; x_wconf 85' lang='lat' dir='ltr'><strong>etiam</strong></span> <span class='ocrx_word' id='word_1_187' title='bbox 356 1927 456 1991; x_wconf 82' lang='lat' dir='ltr'><strong>Procop.</strong></span> <span class='ocrx_word' id='word_1_188' title='bbox 471 1926 610 1977; x_wconf 75' lang='lat' dir='ltr'><strong>Commeat</strong></span> <span class='ocrx_word' id='word_1_189' title='bbox 628 1925 653 1976; x_wconf 93' lang='lat' dir='ltr'><strong>in</strong></span> <span class='ocrx_word' id='word_1_190' title='bbox 671 1925 788 1978; x_wconf 85' lang='lat' dir='ltr'><strong>Proverb.</strong></span> <span class='ocrx_word' id='word_1_191' title='bbox 806 1929 886 1994; x_wconf 76' lang='grc' dir='ltr'><strong>ρ.98.</strong></span> <span class='ocrx_word' id='word_1_192' title='bbox 901 1926 941 1976; x_wconf 90' lang='lat' dir='ltr'><strong>ed.</strong></span> <span class='ocrx_word' id='word_1_193' title='bbox 961 1927 1018 1976; x_wconf 89' lang='lat' dir='ltr'><strong>lllai.</strong></span> <span class='ocrx_word' id='word_1_194' title='bbox 1054 1927 1150 1980; x_wconf 81' lang='lat' dir='ltr'><strong>Eodem</strong></span> <span class='ocrx_word' id='word_1_195' title='bbox 1167 1946 1197 1978; x_wconf 82' lang='lat' dir='ltr'><strong>ex</strong></span> <span class='ocrx_word' id='word_1_196' title='bbox 1215 1947 1263 1996; x_wconf 78' lang='lat' dir='ltr'><strong>ge-</strong></span> 
     </span>
     <span class='ocr_line' id='line_1_19' title="bbox 109 2011 1263 2081; baseline 0.005 -22"><span class='ocrx_word' id='word_1_197' title='bbox 109 2026 160 2060; x_wconf 84' lang='lat' dir='ltr'><strong>nere</strong></span> <span class='ocrx_word' id='word_1_198' title='bbox 176 2024 213 2063; x_wconf 85' lang='lat' dir='ltr'><strong>est</strong></span> <span class='ocrx_word' id='word_1_199' title='bbox 229 2015 371 2080; x_wconf 77' lang='grc' dir='ltr'><strong>τρνφητιᾶν</strong></span> <span class='ocrx_word' id='word_1_200' title='bbox 388 2030 428 2081; x_wconf 85' lang='lat' dir='ltr'><strong>ap.</strong></span> <span class='ocrx_word' id='word_1_201' title='bbox 446 2015 517 2063; x_wconf 78' lang='lat' dir='ltr'><strong>clem.</strong></span> <span class='ocrx_word' id='word_1_202' title='bbox 531 2016 597 2064; x_wconf 77' lang='lat' dir='ltr'><strong>Ales.</strong></span> <span class='ocrx_word' id='word_1_203' title='bbox 615 2011 722 2078; x_wconf 81' lang='lat' dir='ltr'><strong>l&#39;aedag.</strong></span> <span class='ocrx_word' id='word_1_204' title='bbox 741 2029 765 2080; x_wconf 85' lang='grc' dir='ltr'><strong>ρ.</strong></span> <span class='ocrx_word' id='word_1_205' title='bbox 774 2016 830 2062; x_wconf 77' lang='grc'><strong>985.</strong></span> <span class='ocrx_word' id='word_1_206' title='bbox 852 2011 892 2062; x_wconf 88' lang='lat' dir='ltr'><strong>ed.</strong></span> <span class='ocrx_word' id='word_1_207' title='bbox 909 2013 1004 2062; x_wconf 86' lang='lat' dir='ltr'><strong>Potter.</strong></span> <span class='ocrx_word' id='word_1_208' title='bbox 1039 2013 1103 2064; x_wconf 86' lang='lat' dir='ltr'><strong>Vide</strong></span> <span class='ocrx_word' id='word_1_209' title='bbox 1116 2016 1213 2066; x_wconf 76' lang='lat' dir='ltr'><strong>Lobeclt.</strong></span> <span class='ocrx_word' id='word_1_210' title='bbox 1230 2013 1263 2066; x_wconf 83' lang='lat' dir='ltr'><strong>ud</strong></span> 
     </span>
     <span class='ocr_line' id='line_1_20' title="bbox 110 2096 1237 2166; baseline 0.001 -19"><span class='ocrx_word' id='word_1_211' title='bbox 110 2099 225 2159; x_wconf 64' lang='lat' dir='ltr'><strong>Plrunlclt.</strong></span> <span class='ocrx_word' id='word_1_212' title='bbox 245 2115 270 2166; x_wconf 88' lang='lat' dir='ltr'><strong>p.</strong></span> <span class='ocrx_word' id='word_1_213' title='bbox 283 2102 322 2148; x_wconf 84' lang='grc'><strong>79.</strong></span> <span class='ocrx_word' id='word_1_214' title='bbox 333 2115 370 2166; x_wconf 87' lang='lat' dir='ltr'><strong>sq.</strong></span> <span class='ocrx_word' id='word_1_215' title='bbox 387 2115 477 2165; x_wconf 86' lang='lat' dir='ltr'><strong>meque</strong></span> <span class='ocrx_word' id='word_1_216' title='bbox 494 2097 520 2147; x_wconf 91' lang='lat' dir='ltr'><strong>in</strong></span> <span class='ocrx_word' id='word_1_217' title='bbox 540 2097 627 2149; x_wconf 79' lang='lat' dir='ltr'><strong>Annal.</strong></span> <span class='ocrx_word' id='word_1_218' title='bbox 646 2096 736 2148; x_wconf 86' lang='lat' dir='ltr'><strong>Philol.</strong></span> <span class='ocrx_word' id='word_1_219' title='bbox 754 2096 883 2164; x_wconf 81' lang='lat' dir='ltr'><strong>8upplem.</strong></span> <span class='ocrx_word' id='word_1_220' title='bbox 901 2099 932 2148; x_wconf 87' lang='lat' dir='ltr'><strong>T.</strong></span> <span class='ocrx_word' id='word_1_221' title='bbox 949 2097 984 2146; x_wconf 89' lang='lat' dir='ltr'><strong>X.</strong></span> <span class='ocrx_word' id='word_1_222' title='bbox 1004 2097 1075 2148; x_wconf 77' lang='lat' dir='ltr'><strong>Fasc-</strong></span> <span class='ocrx_word' id='word_1_223' title='bbox 1094 2099 1124 2147; x_wconf 93' lang='lat' dir='ltr'><strong>ll.</strong></span> <span class='ocrx_word' id='word_1_224' title='bbox 1143 2116 1168 2166; x_wconf 87' lang='lat' dir='ltr'><strong>p.</strong></span> <span class='ocrx_word' id='word_1_225' title='bbox 1179 2103 1237 2150; x_wconf 81' lang='grc'><strong>881.</strong></span> 
     </span>
    </p>

    <p class='ocr_par' dir='ltr' id='par_1_5' title="bbox 108 2179 1263 2420">
     <span class='ocr_line' id='line_1_21' title="bbox 167 2179 1262 2252; baseline 0.001 -19"><span class='ocrx_word' id='word_1_226' title='bbox 167 2182 193 2233; x_wconf 82' lang='grc' dir='ltr'><strong>Ρ.</strong></span> <span class='ocrx_word' id='word_1_227' title='bbox 210 2187 261 2234; x_wconf 75' lang='grc'><strong>988</strong></span> <span class='ocrx_word' id='word_1_228' title='bbox 278 2184 362 2250; x_wconf 79' lang='grc'>(981).</span> <span class='ocrx_word' id='word_1_229' title='bbox 399 2181 428 2234; x_wconf 89' lang='grc' dir='ltr'><strong>εί</strong></span> <span class='ocrx_word' id='word_1_230' title='bbox 446 2180 488 2251; x_wconf 74' lang='grc' dir='ltr'><strong>μή</strong></span> <span class='ocrx_word' id='word_1_231' title='bbox 508 2179 526 2248; x_wconf 78' lang='lat' dir='ltr'><strong>ri</strong></span> <span class='ocrx_word' id='word_1_232' title='bbox 545 2180 674 2249; x_wconf 80' lang='grc' dir='ltr'><strong>σεληνη</strong></span> <span class='ocrx_word' id='word_1_233' title='bbox 700 2180 893 2249; x_wconf 76' lang='grc' dir='ltr'><strong>ύπληρσύτσ</strong></span> <span class='ocrx_word' id='word_1_234' title='bbox 916 2180 973 2234; x_wconf 85' lang='grc' dir='ltr'><strong>καί</strong></span> <span class='ocrx_word' id='word_1_235' title='bbox 991 2179 1139 2252; x_wconf 64' lang='lat' dir='ltr'><strong>dublina]</strong></span> <span class='ocrx_word' id='word_1_236' title='bbox 1160 2183 1262 2234; x_wconf 83' lang='lat' dir='ltr'><strong>Nollem</strong></span> 
     </span>
     <span class='ocr_line' id='line_1_22' title="bbox 108 2263 1263 2336; baseline 0 -17"><span class='ocrx_word' id='word_1_237' title='bbox 108 2266 156 2319; x_wconf 88' lang='lat' dir='ltr'><strong>loeo</strong></span> <span class='ocrx_word' id='word_1_238' title='bbox 170 2268 264 2336; x_wconf 73' lang='lat' dir='ltr'><strong>vulgati</strong></span> <span class='ocrx_word' id='word_1_239' title='bbox 281 2267 368 2336; x_wconf 70' lang='lat' dir='ltr'><strong>bobus</strong></span> <span class='ocrx_word' id='word_1_240' title='bbox 383 2278 513 2336; x_wconf 83' lang='lat' dir='ltr'><strong>receptum</strong></span> <span class='ocrx_word' id='word_1_241' title='bbox 530 2265 634 2335; x_wconf 65' lang='lat' dir='ltr'><strong>lubitu.</strong></span> <span class='ocrx_word' id='word_1_242' title='bbox 671 2269 698 2318; x_wconf 90' lang='lat' dir='ltr'><strong>ln</strong></span> <span class='ocrx_word' id='word_1_243' title='bbox 715 2285 760 2317; x_wconf 90' lang='lat' dir='ltr'><strong>usn</strong></span> <span class='ocrx_word' id='word_1_244' title='bbox 778 2266 878 2335; x_wconf 89' lang='lat' dir='ltr'><strong>quidem</strong></span> <span class='ocrx_word' id='word_1_245' title='bbox 897 2275 956 2316; x_wconf 88' lang='lat' dir='ltr'><strong>sunt</strong></span> <span class='ocrx_word' id='word_1_246' title='bbox 980 2263 1099 2335; x_wconf 65' lang='grc' dir='ltr'><strong>φθινήσυν</strong></span> <span class='ocrx_word' id='word_1_247' title='bbox 1117 2277 1143 2318; x_wconf 90' lang='lat' dir='ltr'><strong>et</strong></span> <span class='ocrx_word' id='word_1_248' title='bbox 1158 2267 1263 2333; x_wconf 81' lang='lat' dir='ltr'><strong>similis;</strong></span> 
     </span>
     <span class='ocr_line' id='line_1_23' title="bbox 108 2351 438 2420; baseline 0.015 -18"><span class='ocrx_word' id='word_1_249' title='bbox 108 2351 239 2404; x_wconf 86' lang='lat' dir='ltr'><strong>inauditnm</strong></span> <span class='ocrx_word' id='word_1_250' title='bbox 258 2371 319 2404; x_wconf 90' lang='lat' dir='ltr'><strong>vero</strong></span> <span class='ocrx_word' id='word_1_251' title='bbox 335 2353 438 2420; x_wconf 61' lang='grc' dir='ltr'><strong>φθινέιυ.</strong></span> 
     </span>
    </p>

    <p class='ocr_par' dir='ltr' id='par_1_6' title="bbox 108 2434 1263 2764">
     <span class='ocr_line' id='line_1_24' title="bbox 170 2434 1263 2507; baseline 0.003 -17"><span class='ocrx_word' id='word_1_252' title='bbox 170 2439 196 2494; x_wconf 87' lang='lat' dir='ltr'><strong>P.</strong></span> <span class='ocrx_word' id='word_1_253' title='bbox 210 2443 261 2489; x_wconf 79' lang='lat'><strong>486</strong></span> <span class='ocrx_word' id='word_1_254' title='bbox 281 2439 366 2506; x_wconf 76' lang='lat' dir='ltr'><strong>(ute).</strong></span> <span class='ocrx_word' id='word_1_255' title='bbox 401 2434 629 2507; x_wconf 83' lang='grc' dir='ltr'><strong>Ἐκεῖνσιγιίρ</strong></span> <span class='ocrx_word' id='word_1_256' title='bbox 647 2435 1136 2507; x_wconf 68' lang='grc' dir='ltr'><strong>καθεζόμενσικηρῆνεςκσί</strong></span> <span class='ocrx_word' id='word_1_257' title='bbox 1154 2438 1263 2506; x_wconf 74' lang='grc' dir='ltr'><strong>μηδὲν</strong></span> 
     </span>
     <span class='ocr_line' id='line_1_25' title="bbox 108 2521 1263 2592; baseline 0 -17"><span class='ocrx_word' id='word_1_258' title='bbox 108 2521 227 2590; x_wconf 78' lang='grc' dir='ltr'><strong>ίργσζύ</strong></span> <span class='ocrx_word' id='word_1_259' title='bbox 236 2543 256 2591; x_wconf 88' lang='grc' dir='ltr'><strong>μ</strong></span> <span class='ocrx_word' id='word_1_260' title='bbox 266 2541 334 2578; x_wconf 85' lang='grc' dir='ltr'><strong>ενσι</strong></span> <span class='ocrx_word' id='word_1_261' title='bbox 352 2527 413 2590; x_wconf 79' lang='grc' dir='ltr'><strong>εει.)</strong></span> <span class='ocrx_word' id='word_1_262' title='bbox 432 2523 490 2574; x_wconf 83' lang='lat' dir='ltr'><strong>Vid.</strong></span> <span class='ocrx_word' id='word_1_263' title='bbox 504 2527 625 2576; x_wconf 72' lang='lat' dir='ltr'><strong>Rutulum.</strong></span> <span class='ocrx_word' id='word_1_264' title='bbox 637 2524 668 2574; x_wconf 84' lang='lat' dir='ltr'><strong>sd</strong></span> <span class='ocrx_word' id='word_1_265' title='bbox 682 2528 741 2575; x_wconf 77' lang='lat' dir='ltr'><strong>Tim.</strong></span> <span class='ocrx_word' id='word_1_266' title='bbox 761 2525 821 2575; x_wconf 84' lang='lat' dir='ltr'><strong>Lex.</strong></span> <span class='ocrx_word' id='word_1_267' title='bbox 834 2524 896 2575; x_wconf 84' lang='lat' dir='ltr'><strong>Voc.</strong></span> <span class='ocrx_word' id='word_1_268' title='bbox 908 2523 972 2576; x_wconf 85' lang='lat' dir='ltr'><strong>Plat.</strong></span> <span class='ocrx_word' id='word_1_269' title='bbox 990 2543 1013 2592; x_wconf 86' lang='lat' dir='ltr'><strong>p.</strong></span> <span class='ocrx_word' id='word_1_270' title='bbox 1027 2527 1083 2574; x_wconf 75' lang='grc'><strong>187.</strong></span> <span class='ocrx_word' id='word_1_271' title='bbox 1094 2542 1132 2592; x_wconf 77' lang='lat' dir='ltr'><strong>aq.</strong></span> <span class='ocrx_word' id='word_1_272' title='bbox 1151 2535 1177 2574; x_wconf 88' lang='lat' dir='ltr'><strong>et</strong></span> <span class='ocrx_word' id='word_1_273' title='bbox 1194 2523 1263 2575; x_wconf 88' lang='lat' dir='ltr'><strong>conl.</strong></span> 
     </span>
     <span class='ocr_line' id='line_1_26' title="bbox 109 2603 1262 2680; baseline 0.003 -22"><span class='ocrx_word' id='word_1_274' title='bbox 109 2611 216 2672; x_wconf 76' lang='grc' dir='ltr'><strong>Ερίρλσκ.</strong></span> <span class='ocrx_word' id='word_1_275' title='bbox 228 2611 261 2662; x_wconf 90' lang='grc' dir='ltr'><strong>Τ.</strong></span> <span class='ocrx_word' id='word_1_276' title='bbox 273 2611 316 2660; x_wconf 89' lang='grc'><strong>711.</strong></span> <span class='ocrx_word' id='word_1_277' title='bbox 333 2627 359 2677; x_wconf 88' lang='lat' dir='ltr'><strong>p.</strong></span> <span class='ocrx_word' id='word_1_278' title='bbox 369 2613 420 2660; x_wconf 79' lang='lat' dir='ltr'><strong>tos</strong></span> <span class='ocrx_word' id='word_1_279' title='bbox 433 2609 526 2677; x_wconf 86' lang='grc'>(1070)</span> <span class='ocrx_word' id='word_1_280' title='bbox 539 2607 575 2676; x_wconf 74' lang='grc' dir='ltr'><strong>με)</strong></span> <span class='ocrx_word' id='word_1_281' title='bbox 594 2606 680 2677; x_wconf 65' lang='lat' dir='ltr'><strong>ciprii,</strong></span> <span class='ocrx_word' id='word_1_282' title='bbox 696 2607 763 2676; x_wconf 75' lang='grc' dir='ltr'><strong>μήτε</strong></span> <span class='ocrx_word' id='word_1_283' title='bbox 781 2604 871 2677; x_wconf 81' lang='grc' dir='ltr'><strong>ύεργύν</strong></span> <span class='ocrx_word' id='word_1_284' title='bbox 889 2608 934 2662; x_wconf 81' lang='grc' dir='ltr'><strong>καί</strong></span> <span class='ocrx_word' id='word_1_285' title='bbox 952 2603 1131 2677; x_wconf 79' lang='grc' dir='ltr'><strong>ἅκαιρεφύγυν,</strong></span> <span class='ocrx_word' id='word_1_286' title='bbox 1147 2607 1262 2680; x_wconf 75' lang='grc' dir='ltr'><strong>μηδὶτηῖ</strong></span> 
     </span>
     <span class='ocr_line' id='line_1_27' title="bbox 110 2691 1261 2764; baseline -0.002 -16"><span class='ocrx_word' id='word_1_287' title='bbox 110 2695 197 2762; x_wconf 73' lang='grc' dir='ltr'><strong>κηφῆνι</strong></span> <span class='ocrx_word' id='word_1_288' title='bbox 207 2695 259 2748; x_wconf 76' lang='grc' dir='ltr'><strong>τῶν</strong></span> <span class='ocrx_word' id='word_1_289' title='bbox 272 2696 401 2761; x_wconf 77' lang='grc' dir='ltr'><strong>μελισσῶν</strong></span> <span class='ocrx_word' id='word_1_290' title='bbox 420 2695 596 2764; x_wconf 84' lang='lat' dir='ltr'><strong>[supplendum</strong></span> <span class='ocrx_word' id='word_1_291' title='bbox 608 2691 778 2762; x_wconf 54' lang='grc' dir='ltr'><strong>εἰκάζεσθαι)</strong></span> <span class='ocrx_word' id='word_1_292' title='bbox 794 2693 949 2762; x_wconf 63' lang='grc' dir='ltr'><strong>ἐργάζεσθαι</strong></span> <span class='ocrx_word' id='word_1_293' title='bbox 963 2693 993 2749; x_wconf 77' lang='grc' dir='ltr'><strong>δὲ</strong></span> <span class='ocrx_word' id='word_1_294' title='bbox 1007 2700 1062 2754; x_wconf 82' lang='grc' dir='ltr'>ταῖς</span> <span class='ocrx_word' id='word_1_295' title='bbox 1077 2693 1152 2755; x_wconf 79' lang='grc' dir='ltr'><strong>ἰδίαις</strong></span> <span class='ocrx_word' id='word_1_296' title='bbox 1167 2693 1261 2764; x_wconf 80' lang='grc' dir='ltr'><strong>χερσίν.</strong></span> 
     </span>
    </p>

    <p class='ocr_par' dir='ltr' id='par_1_7' title="bbox 109 2773 1264 3187">
     <span class='ocr_line' id='line_1_28' title="bbox 170 2773 1262 2848; baseline 0.002 -17"><span class='ocrx_word' id='word_1_297' title='bbox 170 2782 196 2831; x_wconf 88' lang='lat' dir='ltr'><strong>P.</strong></span> <span class='ocrx_word' id='word_1_298' title='bbox 212 2784 263 2830; x_wconf 79' lang='lat'><strong>494</strong></span> <span class='ocrx_word' id='word_1_299' title='bbox 283 2780 368 2848; x_wconf 82' lang='grc'>(869).</span> <span class='ocrx_word' id='word_1_300' title='bbox 402 2779 439 2834; x_wconf 80' lang='grc' dir='ltr'><strong>τὸ</strong></span> <span class='ocrx_word' id='word_1_301' title='bbox 459 2777 718 2846; x_wconf 76' lang='grc' dir='ltr'><strong>ἀπερίσπαστον</strong></span> <span class='ocrx_word' id='word_1_302' title='bbox 741 2781 796 2833; x_wconf 84' lang='grc' dir='ltr'><strong>τοῦ</strong></span> <span class='ocrx_word' id='word_1_303' title='bbox 816 2773 1036 2847; x_wconf 85' lang='grc' dir='ltr'><strong>εύαγγελίσυ]</strong></span> <span class='ocrx_word' id='word_1_304' title='bbox 1062 2777 1101 2833; x_wconf 87' lang='lat' dir='ltr'><strong>Td</strong></span> <span class='ocrx_word' id='word_1_305' title='bbox 1118 2775 1262 2847; x_wconf 80' lang='grc' dir='ltr'><strong>ἀπερίσπα-</strong></span> 
     </span>
     <span class='ocr_line' id='line_1_29' title="bbox 109 2863 1264 2933; baseline -0.003 -15"><span class='ocrx_word' id='word_1_306' title='bbox 109 2879 159 2918; x_wconf 80' lang='grc' dir='ltr'><strong>στσν</strong></span> <span class='ocrx_word' id='word_1_307' title='bbox 182 2877 220 2915; x_wconf 81' lang='lat' dir='ltr'><strong>est</strong></span> <span class='ocrx_word' id='word_1_308' title='bbox 246 2869 406 2928; x_wconf 64' lang='lat' dir='ltr'><strong>nonnulllltns</strong></span> <span class='ocrx_word' id='word_1_309' title='bbox 424 2869 514 2930; x_wconf 74' lang='lat' dir='ltr'><strong>uultui,</strong></span> <span class='ocrx_word' id='word_1_310' title='bbox 540 2882 614 2933; x_wconf 85' lang='lat' dir='ltr'><strong>quam</strong></span> <span class='ocrx_word' id='word_1_311' title='bbox 637 2864 793 2930; x_wconf 83' lang='lat' dir='ltr'><strong>evangelium</strong></span> <span class='ocrx_word' id='word_1_312' title='bbox 816 2865 845 2914; x_wconf 86' lang='lat' dir='ltr'><strong>iis</strong></span> <span class='ocrx_word' id='word_1_313' title='bbox 862 2875 951 2932; x_wconf 84' lang='lat' dir='ltr'><strong>parnt,</strong></span> <span class='ocrx_word' id='word_1_314' title='bbox 977 2865 1109 2932; x_wconf 79' lang='lat' dir='ltr'><strong>quinaria</strong></span> <span class='ocrx_word' id='word_1_315' title='bbox 1127 2883 1184 2915; x_wconf 82' lang='lat' dir='ltr'><strong>cura</strong></span> <span class='ocrx_word' id='word_1_316' title='bbox 1202 2863 1264 2932; x_wconf 76' lang='lat' dir='ltr'><strong>legis</strong></span> 
     </span>
     <span class='ocr_line' id='line_1_30' title="bbox 110 2943 1263 3018; baseline 0.002 -18"><span class='ocrx_word' id='word_1_317' title='bbox 110 2949 273 3002; x_wconf 74' lang='lat' dir='ltr'><strong>observandae</strong></span> <span class='ocrx_word' id='word_1_318' title='bbox 297 2949 396 3001; x_wconf 87' lang='lat' dir='ltr'><strong>liberati</strong></span> <span class='ocrx_word' id='word_1_319' title='bbox 421 2962 487 3002; x_wconf 86' lang='lat' dir='ltr'><strong>sunt.</strong></span> <span class='ocrx_word' id='word_1_320' title='bbox 523 2951 597 3001; x_wconf 87' lang='lat' dir='ltr'><strong>Coni.</strong></span> <span class='ocrx_word' id='word_1_321' title='bbox 615 2966 685 3018; x_wconf 83' lang='lat' dir='ltr'><strong>seqq.</strong></span> <span class='ocrx_word' id='word_1_322' title='bbox 711 2943 836 3010; x_wconf 80' lang='grc' dir='ltr'><strong>Ἐκείνσις</strong></span> <span class='ocrx_word' id='word_1_323' title='bbox 853 2947 898 3016; x_wconf 74' lang='grc' dir='ltr'><strong>μὲν</strong></span> <span class='ocrx_word' id='word_1_324' title='bbox 915 2946 964 3016; x_wconf 79' lang='grc' dir='ltr'><strong>γὰρ</strong></span> <span class='ocrx_word' id='word_1_325' title='bbox 983 2959 1031 2999; x_wconf 89' lang='lat' dir='ltr'><strong>cet.</strong></span> <span class='ocrx_word' id='word_1_326' title='bbox 1068 2951 1105 2999; x_wconf 88' lang='lat' dir='ltr'><strong>De</strong></span> <span class='ocrx_word' id='word_1_327' title='bbox 1121 2949 1201 3000; x_wconf 82' lang='lat' dir='ltr'><strong>uerbo</strong></span> <span class='ocrx_word' id='word_1_328' title='bbox 1218 2965 1263 3002; x_wconf 88' lang='grc' dir='ltr'><strong>πε·</strong></span> 
     </span>
     <span class='ocr_line' id='line_1_31' title="bbox 109 3033 1262 3104; baseline -0.004 -17"><span class='ocrx_word' id='word_1_329' title='bbox 109 3037 206 3099; x_wconf 64' lang='lat' dir='ltr'><strong>armar,</strong></span> <span class='ocrx_word' id='word_1_330' title='bbox 224 3035 306 3104; x_wconf 83' lang='lat' dir='ltr'><strong>deque</strong></span> <span class='ocrx_word' id='word_1_331' title='bbox 326 3035 454 3087; x_wconf 84' lang='lat' dir='ltr'><strong>vocabulis</strong></span> <span class='ocrx_word' id='word_1_332' title='bbox 471 3036 530 3087; x_wconf 88' lang='lat' dir='ltr'><strong>inde</strong></span> <span class='ocrx_word' id='word_1_333' title='bbox 548 3035 669 3104; x_wconf 87' lang='lat' dir='ltr'><strong>proiectis</strong></span> <span class='ocrx_word' id='word_1_334' title='bbox 685 3034 737 3085; x_wconf 90' lang='lat' dir='ltr'><strong>vid.</strong></span> <span class='ocrx_word' id='word_1_335' title='bbox 751 3047 838 3085; x_wconf 82' lang='lat' dir='ltr'><strong>annot.</strong></span> <span class='ocrx_word' id='word_1_336' title='bbox 857 3035 883 3084; x_wconf 87' lang='lat' dir='ltr'><strong>in</strong></span> <span class='ocrx_word' id='word_1_337' title='bbox 900 3037 980 3085; x_wconf 80' lang='lat' dir='ltr'><strong>Elium</strong></span> <span class='ocrx_word' id='word_1_338' title='bbox 997 3035 1059 3086; x_wconf 81' lang='lat' dir='ltr'><strong>Cret.</strong></span> <span class='ocrx_word' id='word_1_339' title='bbox 1079 3034 1127 3085; x_wconf 88' lang='lat' dir='ltr'><strong>col.</strong></span> <span class='ocrx_word' id='word_1_340' title='bbox 1146 3037 1193 3084; x_wconf 82' lang='lat' dir='ltr'><strong>tot</strong></span> <span class='ocrx_word' id='word_1_341' title='bbox 1210 3033 1262 3101; x_wconf 84' lang='grc'>(8).</span> 
     </span>
     <span class='ocr_line' id='line_1_32' title="bbox 110 3117 1061 3187; baseline -0.001 -18"><span class='ocrx_word' id='word_1_342' title='bbox 110 3119 259 3172; x_wconf 79' lang='grc' dir='ltr'><strong>Δάἰεειὶνυσι</strong></span> <span class='ocrx_word' id='word_1_343' title='bbox 277 3117 465 3187; x_wconf 85' lang='grc' dir='ltr'><strong>ύπερίσπαστσς</strong></span> <span class='ocrx_word' id='word_1_344' title='bbox 481 3123 575 3173; x_wconf 82' lang='lat' dir='ltr'><strong>Noster</strong></span> <span class='ocrx_word' id='word_1_345' title='bbox 593 3120 667 3171; x_wconf 85' lang='lat' dir='ltr'><strong>ctiam</strong></span> <span class='ocrx_word' id='word_1_346' title='bbox 685 3122 716 3171; x_wconf 89' lang='lat' dir='ltr'><strong>T.</strong></span> <span class='ocrx_word' id='word_1_347' title='bbox 733 3122 764 3171; x_wconf 93' lang='lat' dir='ltr'><strong>ll.</strong></span> <span class='ocrx_word' id='word_1_348' title='bbox 780 3124 864 3187; x_wconf 82' lang='grc' dir='ltr'><strong>ρ.178</strong></span> <span class='ocrx_word' id='word_1_349' title='bbox 884 3121 959 3187; x_wconf 75' lang='grc'>(498)</span> <span class='ocrx_word' id='word_1_350' title='bbox 978 3119 1061 3170; x_wconf 87' lang='lat' dir='ltr'><strong>babet.</strong></span> 
     </span>
    </p>

    <p class='ocr_par' dir='ltr' id='par_1_8' title="bbox 109 3195 1265 3872">
     <span class='ocr_line' id='line_1_33' title="bbox 172 3195 1264 3274; baseline 0.001 -17"><span class='ocrx_word' id='word_1_351' title='bbox 172 3207 361 3274; x_wconf 57' lang='grc'>19899011).</span> <span class='ocrx_word' id='word_1_352' title='bbox 388 3205 477 3274; x_wconf 83' lang='grc' dir='ltr'><strong>Περί</strong></span> <span class='ocrx_word' id='word_1_353' title='bbox 494 3205 533 3261; x_wconf 79' lang='lat' dir='ltr'><strong>et</strong></span> <span class='ocrx_word' id='word_1_354' title='bbox 549 3210 612 3271; x_wconf 85' lang='grc' dir='ltr'><strong>τῆς</strong></span> <span class='ocrx_word' id='word_1_355' title='bbox 629 3201 822 3272; x_wconf 80' lang='grc' dir='ltr'><strong>ὧναλσγῆς,</strong></span> <span class='ocrx_word' id='word_1_356' title='bbox 840 3195 881 3268; x_wconf 69' lang='grc' dir='ltr'><strong>εἷς</strong></span> <span class='ocrx_word' id='word_1_357' title='bbox 897 3195 1001 3272; x_wconf 60' lang='grc' dir='ltr'><strong>η’λὲεν</strong></span> <span class='ocrx_word' id='word_1_358' title='bbox 1019 3201 1034 3257; x_wconf 79' lang='lat' dir='ltr'><strong>o&#39;</strong></span> <span class='ocrx_word' id='word_1_359' title='bbox 1053 3201 1167 3272; x_wconf 74' lang='grc' dir='ltr'><strong>σωτήρ</strong></span> <span class='ocrx_word' id='word_1_360' title='bbox 1186 3197 1264 3258; x_wconf 79' lang='grc' dir='ltr'><strong>ἀνα·</strong></span> 
     </span>
     <span class='ocr_line' id='line_1_34' title="bbox 109 3280 1263 3359; baseline -0.003 -16"><span class='ocrx_word' id='word_1_361' title='bbox 109 3289 269 3354; x_wconf 62' lang='grc' dir='ltr'><strong>λέξασθαι</strong></span> <span class='ocrx_word' id='word_1_362' title='bbox 285 3291 474 3359; x_wconf 66' lang='grc' dir='ltr'><strong>παρθενίαν</strong></span> <span class='ocrx_word' id='word_1_363' title='bbox 493 3295 552 3358; x_wconf 79' lang='lat' dir='ltr'><strong>cet]</strong></span> <span class='ocrx_word' id='word_1_364' title='bbox 576 3290 636 3342; x_wconf 90' lang='lat' dir='ltr'><strong>Noli</strong></span> <span class='ocrx_word' id='word_1_365' title='bbox 655 3289 766 3356; x_wconf 85' lang='lat' dir='ltr'><strong>cogitare</strong></span> <span class='ocrx_word' id='word_1_366' title='bbox 784 3291 816 3340; x_wconf 88' lang='lat' dir='ltr'><strong>de</strong></span> <span class='ocrx_word' id='word_1_367' title='bbox 833 3307 896 3340; x_wconf 88' lang='lat' dir='ltr'><strong>voce</strong></span> <span class='ocrx_word' id='word_1_368' title='bbox 912 3280 948 3358; x_wconf 73' lang='grc' dir='ltr'><strong>ἦς</strong></span> <span class='ocrx_word' id='word_1_369' title='bbox 964 3289 989 3338; x_wconf 88' lang='lat' dir='ltr'><strong>in</strong></span> <span class='ocrx_word' id='word_1_370' title='bbox 1006 3281 1027 3359; x_wconf 71' lang='grc' dir='ltr'><em>ἦ</em></span> <span class='ocrx_word' id='word_1_371' title='bbox 1044 3289 1170 3340; x_wconf 84' lang='lat' dir='ltr'><strong>mutanda.</strong></span> <span class='ocrx_word' id='word_1_372' title='bbox 1206 3287 1263 3340; x_wconf 71' lang='lat' dir='ltr'><strong>uio</strong></span> 
     </span>
     <span class='ocr_line' id='line_1_35' title="bbox 110 3375 1264 3444; baseline 0.001 -20"><span class='ocrx_word' id='word_1_373' title='bbox 110 3379 188 3428; x_wconf 84' lang='lat' dir='ltr'><strong>ll&#39;luer.</strong></span> <span class='ocrx_word' id='word_1_374' title='bbox 207 3378 317 3429; x_wconf 83' lang='lat' dir='ltr'><strong>Gramm.</strong></span> <span class='ocrx_word' id='word_1_375' title='bbox 336 3375 423 3428; x_wconf 89' lang='lat' dir='ltr'><strong>ldiom.</strong></span> <span class='ocrx_word' id='word_1_376' title='bbox 442 3377 508 3428; x_wconf 82' lang='lat' dir='ltr'><strong>Novi</strong></span> <span class='ocrx_word' id='word_1_377' title='bbox 526 3376 605 3428; x_wconf 85' lang='lat' dir='ltr'><strong>Focd.</strong></span> <span class='ocrx_word' id='word_1_378' title='bbox 631 3379 753 3444; x_wconf 57' lang='grc'><strong>(84.1.</strong></span> <span class='ocrx_word' id='word_1_379' title='bbox 778 3386 863 3426; x_wconf 74' lang='lat' dir='ltr'><strong>annot</strong></span> <span class='ocrx_word' id='word_1_380' title='bbox 890 3386 917 3426; x_wconf 88' lang='lat' dir='ltr'><strong>et</strong></span> <span class='ocrx_word' id='word_1_381' title='bbox 941 3375 1144 3439; x_wconf 77' lang='grc' dir='ltr'><strong>σοσ1.Ερι’ρ1ισνι.</strong></span> <span class='ocrx_word' id='word_1_382' title='bbox 1169 3376 1264 3427; x_wconf 84' lang='grc' dir='ltr'><strong>Τ.111.</strong></span> 
     </span>
     <span class='ocr_line' id='line_1_36' title="bbox 109 3452 1263 3531; baseline 0 -20"><span class='ocrx_word' id='word_1_383' title='bbox 109 3477 129 3528; x_wconf 87' lang='lat' dir='ltr'><strong>p.</strong></span> <span class='ocrx_word' id='word_1_384' title='bbox 145 3465 175 3512; x_wconf 79' lang='grc'><strong>88</strong></span> <span class='ocrx_word' id='word_1_385' title='bbox 194 3462 270 3529; x_wconf 88' lang='grc'>(819)</span> <span class='ocrx_word' id='word_1_386' title='bbox 295 3459 362 3515; x_wconf 77' lang='grc' dir='ltr'><strong>κατὰ</strong></span> <span class='ocrx_word' id='word_1_387' title='bbox 378 3459 450 3531; x_wconf 73' lang='grc' dir='ltr'><strong>χάριν</strong></span> <span class='ocrx_word' id='word_1_388' title='bbox 468 3460 616 3529; x_wconf 80' lang='grc' dir='ltr'><strong>δυνάμεως,</strong></span> <span class='ocrx_word' id='word_1_389' title='bbox 644 3452 679 3527; x_wconf 77' lang='grc' dir='ltr'><strong>εἷς</strong></span> <span class='ocrx_word' id='word_1_390' title='bbox 701 3454 889 3528; x_wconf 70' lang='grc' dir='ltr'><strong>ἐνεδυνάμωσέν</strong></span> <span class='ocrx_word' id='word_1_391' title='bbox 908 3455 921 3515; x_wconf 83' lang='lat' dir='ltr'><strong>d</strong></span> <span class='ocrx_word' id='word_1_392' title='bbox 938 3457 1045 3520; x_wconf 75' lang='grc' dir='ltr'><strong>δυνατὸς</strong></span> <span class='ocrx_word' id='word_1_393' title='bbox 1062 3459 1087 3513; x_wconf 70' lang='grc' dir='ltr'><strong>ἐν</strong></span> <span class='ocrx_word' id='word_1_394' title='bbox 1104 3455 1193 3514; x_wconf 77' lang='grc' dir='ltr'><strong>ἅπασι.</strong></span> <span class='ocrx_word' id='word_1_395' title='bbox 1229 3466 1263 3512; x_wconf 76' lang='grc'><strong>98</strong></span> 
     </span>
     <span class='ocr_line' id='line_1_37' title="bbox 111 3537 1263 3618; baseline 0.004 -22"><span class='ocrx_word' id='word_1_396' title='bbox 111 3549 181 3615; x_wconf 77' lang='grc'>(894)</span> <span class='ocrx_word' id='word_1_397' title='bbox 198 3545 392 3614; x_wconf 63' lang='grc' dir='ltr'><strong>Παραθησσμαι</strong></span> <span class='ocrx_word' id='word_1_398' title='bbox 408 3545 437 3602; x_wconf 72' lang='grc' dir='ltr'><strong>δὲ</strong></span> <span class='ocrx_word' id='word_1_399' title='bbox 455 3537 530 3607; x_wconf 69' lang='lat' dir='ltr'><strong>uibar</strong></span> <span class='ocrx_word' id='word_1_400' title='bbox 546 3547 590 3600; x_wconf 82' lang='grc' dir='ltr'><strong>καί</strong></span> <span class='ocrx_word' id='word_1_401' title='bbox 607 3543 654 3612; x_wconf 79' lang='grc' dir='ltr'><strong>τήν</strong></span> <span class='ocrx_word' id='word_1_402' title='bbox 672 3545 773 3600; x_wconf 66' lang='grc' dir='ltr'><strong>ἔκθεσιν</strong></span> <span class='ocrx_word' id='word_1_403' title='bbox 790 3547 835 3600; x_wconf 84' lang='grc' dir='ltr'><strong>τού</strong></span> <span class='ocrx_word' id='word_1_404' title='bbox 854 3542 946 3613; x_wconf 80' lang='grc' dir='ltr'><strong>λόγου,</strong></span> <span class='ocrx_word' id='word_1_405' title='bbox 965 3537 994 3599; x_wconf 85' lang='grc' dir='ltr'><strong>σύ</strong></span> <span class='ocrx_word' id='word_1_406' title='bbox 1012 3545 1147 3614; x_wconf 84' lang='grc' dir='ltr'><strong>πεποίηται</strong></span> <span class='ocrx_word' id='word_1_407' title='bbox 1165 3542 1263 3618; x_wconf 80' lang='grc' dir='ltr'><strong>Ἰουλίῳ</strong></span> 
     </span>
     <span class='ocr_line' id='line_1_38' title="bbox 110 3628 1264 3701; baseline 0.001 -18"><span class='ocrx_word' id='word_1_408' title='bbox 110 3667 129 3682; x_wconf 86' lang='grc'><strong>..</strong></span> <span class='ocrx_word' id='word_1_409' title='bbox 148 3628 161 3685; x_wconf 84' lang='lat' dir='ltr'><strong>d</strong></span> <span class='ocrx_word' id='word_1_410' title='bbox 178 3628 255 3693; x_wconf 81' lang='grc' dir='ltr'><strong>αύτύς</strong></span> <span class='ocrx_word' id='word_1_411' title='bbox 272 3629 429 3699; x_wconf 81' lang='grc' dir='ltr'><strong>Μάρκελλος.</strong></span> <span class='ocrx_word' id='word_1_412' title='bbox 455 3633 543 3701; x_wconf 89' lang='lat' dir='ltr'><strong>quibus</strong></span> <span class='ocrx_word' id='word_1_413' title='bbox 562 3650 593 3682; x_wconf 81' lang='lat' dir='ltr'><strong>ex</strong></span> <span class='ocrx_word' id='word_1_414' title='bbox 610 3633 671 3683; x_wconf 87' lang='lat' dir='ltr'><strong>loeis</strong></span> <span class='ocrx_word' id='word_1_415' title='bbox 688 3630 852 3698; x_wconf 80' lang='lat' dir='ltr'><strong>intelligitur,</strong></span> <span class='ocrx_word' id='word_1_416' title='bbox 870 3647 921 3682; x_wconf 91' lang='lat' dir='ltr'><strong>non</strong></span> <span class='ocrx_word' id='word_1_417' title='bbox 938 3631 1018 3682; x_wconf 88' lang='lat' dir='ltr'><strong>solum</strong></span> <span class='ocrx_word' id='word_1_418' title='bbox 1036 3631 1148 3682; x_wconf 84' lang='lat' dir='ltr'><strong>dativum</strong></span> <span class='ocrx_word' id='word_1_419' title='bbox 1165 3650 1264 3700; x_wconf 88' lang='lat' dir='ltr'><strong>prono-</strong></span> 
     </span>
     <span class='ocr_line' id='line_1_39' title="bbox 110 3715 1265 3786; baseline 0.003 -19"><span class='ocrx_word' id='word_1_420' title='bbox 110 3715 176 3767; x_wconf 89' lang='lat' dir='ltr'><strong>miuis</strong></span> <span class='ocrx_word' id='word_1_421' title='bbox 192 3717 306 3780; x_wconf 81' lang='lat' dir='ltr'><strong>relativi,</strong></span> <span class='ocrx_word' id='word_1_422' title='bbox 326 3728 353 3767; x_wconf 88' lang='lat' dir='ltr'><strong>ut</strong></span> <span class='ocrx_word' id='word_1_423' title='bbox 370 3729 458 3769; x_wconf 86' lang='lat' dir='ltr'><strong>nostro</strong></span> <span class='ocrx_word' id='word_1_424' title='bbox 475 3718 542 3780; x_wconf 91' lang='lat' dir='ltr'><strong>loco,</strong></span> <span class='ocrx_word' id='word_1_425' title='bbox 561 3717 606 3770; x_wconf 84' lang='lat' dir='ltr'><strong>sed</strong></span> <span class='ocrx_word' id='word_1_426' title='bbox 623 3717 698 3769; x_wconf 87' lang='lat' dir='ltr'><strong>etiam</strong></span> <span class='ocrx_word' id='word_1_427' title='bbox 715 3715 882 3768; x_wconf 72' lang='lat' dir='ltr'><strong>accusativum</strong></span> <span class='ocrx_word' id='word_1_428' title='bbox 900 3733 915 3766; x_wconf 84' lang='grc' dir='ltr'><strong>ε</strong></span> <span class='ocrx_word' id='word_1_429' title='bbox 932 3717 1042 3784; x_wconf 77' lang='lat' dir='ltr'><strong>genitivo</strong></span> <span class='ocrx_word' id='word_1_430' title='bbox 1062 3718 1170 3770; x_wconf 85' lang='lat' dir='ltr'><strong>nominis</strong></span> <span class='ocrx_word' id='word_1_431' title='bbox 1188 3735 1265 3786; x_wconf 87' lang='lat' dir='ltr'><strong>prae·</strong></span> 
     </span>
     <span class='ocr_line' id='line_1_40' title="bbox 111 3802 1037 3872; baseline 0 -21"><span class='ocrx_word' id='word_1_432' title='bbox 111 3802 181 3867; x_wconf 75' lang='lat' dir='ltr'><strong>gressi</strong></span> <span class='ocrx_word' id='word_1_433' title='bbox 197 3802 300 3854; x_wconf 86' lang='lat' dir='ltr'><strong>attrahi.</strong></span> <span class='ocrx_word' id='word_1_434' title='bbox 337 3803 409 3853; x_wconf 80' lang='lat' dir='ltr'><strong>Adde</strong></span> <span class='ocrx_word' id='word_1_435' title='bbox 425 3811 511 3854; x_wconf 88' lang='lat' dir='ltr'><strong>annot.</strong></span> <span class='ocrx_word' id='word_1_436' title='bbox 529 3803 555 3853; x_wconf 90' lang='lat' dir='ltr'><strong>in</strong></span> <span class='ocrx_word' id='word_1_437' title='bbox 573 3805 604 3854; x_wconf 89' lang='grc' dir='ltr'><strong>Τ.</strong></span> <span class='ocrx_word' id='word_1_438' title='bbox 623 3807 666 3855; x_wconf 92' lang='lat' dir='ltr'><strong>lll.</strong></span> <span class='ocrx_word' id='word_1_439' title='bbox 686 3821 711 3872; x_wconf 84' lang='grc' dir='ltr'><strong>ρ.</strong></span> <span class='ocrx_word' id='word_1_440' title='bbox 722 3807 753 3853; x_wconf 85' lang='grc'><strong>96</strong></span> <span class='ocrx_word' id='word_1_441' title='bbox 773 3802 858 3872; x_wconf 78' lang='grc'>(858).</span> <span class='ocrx_word' id='word_1_442' title='bbox 883 3805 932 3853; x_wconf 80' lang='lat'><strong>252</strong></span> <span class='ocrx_word' id='word_1_443' title='bbox 952 3803 1037 3871; x_wconf 77' lang='grc'>(948).</span> 
     </span>
    </p>

    <p class='ocr_par' dir='ltr' id='par_1_9' title="bbox 112 3883 1266 4728">
     <span class='ocr_line' id='line_1_41' title="bbox 172 3883 1265 3958; baseline 0.011 -21"><span class='ocrx_word' id='word_1_444' title='bbox 172 3889 196 3938; x_wconf 81' lang='grc' dir='ltr'><strong>Ρ.</strong></span> <span class='ocrx_word' id='word_1_445' title='bbox 212 3891 262 3938; x_wconf 78' lang='grc'><strong>988</strong></span> <span class='ocrx_word' id='word_1_446' title='bbox 282 3887 367 3957; x_wconf 89' lang='grc'>(717).</span> <span class='ocrx_word' id='word_1_447' title='bbox 393 3889 538 3958; x_wconf 76' lang='grc' dir='ltr'><strong>Σχίσμα</strong></span> <span class='ocrx_word' id='word_1_448' title='bbox 555 3887 738 3957; x_wconf 78' lang='grc' dir='ltr'><strong>ἐποίησεν,</strong></span> <span class='ocrx_word' id='word_1_449' title='bbox 757 3883 793 3943; x_wconf 86' lang='grc' dir='ltr'><strong>σύ</strong></span> <span class='ocrx_word' id='word_1_450' title='bbox 811 3885 879 3955; x_wconf 73' lang='grc' dir='ltr'><strong>μὴν</strong></span> <span class='ocrx_word' id='word_1_451' title='bbox 898 3887 1187 3956; x_wconf 74' lang='grc' dir='ltr'><strong>μετηλλαγμίννς</strong></span> <span class='ocrx_word' id='word_1_452' title='bbox 1203 3885 1265 3954; x_wconf 69' lang='grc' dir='ltr'><strong>τήν</strong></span> 
     </span>
     <span class='ocr_line' id='line_1_42' title="bbox 112 3971 1265 4043; baseline 0.001 -20"><span class='ocrx_word' id='word_1_453' title='bbox 112 3971 220 4027; x_wconf 86' lang='grc' dir='ltr'><strong>πίστιν</strong></span> <span class='ocrx_word' id='word_1_454' title='bbox 238 3973 444 4042; x_wconf 82' lang='grc' dir='ltr'><strong>γεγένηται.)</strong></span> <span class='ocrx_word' id='word_1_455' title='bbox 479 3973 702 4043; x_wconf 78' lang='grc' dir='ltr'><strong>Μετηλλαγμένως</strong></span> <span class='ocrx_word' id='word_1_456' title='bbox 718 3974 775 4025; x_wconf 79' lang='lat' dir='ltr'><strong>libri</strong></span> <span class='ocrx_word' id='word_1_457' title='bbox 794 3992 887 4025; x_wconf 82' lang='lat' dir='ltr'><strong>omnes.</strong></span> <span class='ocrx_word' id='word_1_458' title='bbox 922 3975 991 4036; x_wconf 78' lang='lat' dir='ltr'><strong>Quae</strong></span> <span class='ocrx_word' id='word_1_459' title='bbox 1008 3971 1087 4024; x_wconf 86' lang='lat' dir='ltr'><strong>lectio</strong></span> <span class='ocrx_word' id='word_1_460' title='bbox 1106 3973 1200 4040; x_wconf 80' lang='lat' dir='ltr'><strong>optime</strong></span> <span class='ocrx_word' id='word_1_461' title='bbox 1216 3971 1265 4024; x_wconf 86' lang='lat' dir='ltr'><strong>hn-</strong></span> 
     </span>
     <span class='ocr_line' id='line_1_43' title="bbox 112 4048 1265 4128; baseline 0.005 -22"><span class='ocrx_word' id='word_1_462' title='bbox 112 4055 187 4125; x_wconf 75' lang='lat' dir='ltr'><strong>babit,</strong></span> <span class='ocrx_word' id='word_1_463' title='bbox 215 4059 236 4109; x_wconf 86' lang='lat' dir='ltr'><strong>ai</strong></span> <span class='ocrx_word' id='word_1_464' title='bbox 260 4069 320 4126; x_wconf 84' lang='lat' dir='ltr'><strong>post</strong></span> <span class='ocrx_word' id='word_1_465' title='bbox 342 4058 388 4128; x_wconf 72' lang='lat' dir='ltr'><strong>triu</strong></span> <span class='ocrx_word' id='word_1_466' title='bbox 404 4060 488 4114; x_wconf 87' lang='grc' dir='ltr'><strong>πίστιν</strong></span> <span class='ocrx_word' id='word_1_467' title='bbox 511 4071 604 4128; x_wconf 84' lang='lat' dir='ltr'><strong>puncto</strong></span> <span class='ocrx_word' id='word_1_468' title='bbox 621 4060 764 4112; x_wconf 76' lang='lat' dir='ltr'><strong>distinxeris</strong></span> <span class='ocrx_word' id='word_1_469' title='bbox 784 4069 811 4111; x_wconf 83' lang='lat' dir='ltr'><strong>et</strong></span> <span class='ocrx_word' id='word_1_470' title='bbox 827 4058 960 4127; x_wconf 77' lang='grc' dir='ltr'><strong>γεγένηται</strong></span> <span class='ocrx_word' id='word_1_471' title='bbox 977 4057 1009 4107; x_wconf 87' lang='lat' dir='ltr'><strong>ad</strong></span> <span class='ocrx_word' id='word_1_472' title='bbox 1027 4058 1196 4125; x_wconf 76' lang='lat' dir='ltr'><strong>insequentia:</strong></span> <span class='ocrx_word' id='word_1_473' title='bbox 1221 4048 1265 4111; x_wconf 82' lang='lat' dir='ltr'><strong>oti·</strong></span> 
     </span>
     <span class='ocr_line' id='line_1_44' title="bbox 113 4142 1264 4214; baseline 0.002 -22"><span class='ocrx_word' id='word_1_474' title='bbox 113 4157 150 4202; x_wconf 82' lang='grc' dir='ltr'><strong>τις</strong></span> <span class='ocrx_word' id='word_1_475' title='bbox 165 4179 186 4194; x_wconf 86' lang='grc'><strong>..</strong></span> <span class='ocrx_word' id='word_1_476' title='bbox 207 4144 380 4213; x_wconf 60' lang='grc' dir='ltr'><strong>συλληφθεὶς,</strong></span> <span class='ocrx_word' id='word_1_477' title='bbox 406 4146 527 4197; x_wconf 80' lang='lat' dir='ltr'><strong>retuleris.</strong></span> <span class='ocrx_word' id='word_1_478' title='bbox 562 4146 715 4214; x_wconf 83' lang='lat' dir='ltr'><strong>Peripbrasls</strong></span> <span class='ocrx_word' id='word_1_479' title='bbox 732 4146 757 4197; x_wconf 89' lang='lat' dir='ltr'><strong>in</strong></span> <span class='ocrx_word' id='word_1_480' title='bbox 776 4145 870 4196; x_wconf 83' lang='lat' dir='ltr'><strong>verbis:</strong></span> <span class='ocrx_word' id='word_1_481' title='bbox 897 4142 1031 4211; x_wconf 83' lang='grc' dir='ltr'><strong>γεγένηται</strong></span> <span class='ocrx_word' id='word_1_482' title='bbox 1050 4142 1220 4210; x_wconf 66' lang='grc' dir='ltr'><strong>συλληφῧείς,</strong></span> <span class='ocrx_word' id='word_1_483' title='bbox 1238 4144 1264 4195; x_wconf 89' lang='lat' dir='ltr'><strong>id</strong></span> 
     </span>
     <span class='ocr_line' id='line_1_45' title="bbox 113 4228 1264 4298; baseline 0 -19"><span class='ocrx_word' id='word_1_484' title='bbox 113 4240 148 4279; x_wconf 85' lang='lat' dir='ltr'><strong>est</strong></span> <span class='ocrx_word' id='word_1_485' title='bbox 165 4228 326 4298; x_wconf 67' lang='lat' dir='ltr'><strong>ouualriobn,</strong></span> <span class='ocrx_word' id='word_1_486' title='bbox 345 4229 438 4282; x_wconf 85' lang='lat' dir='ltr'><strong>nullam</strong></span> <span class='ocrx_word' id='word_1_487' title='bbox 456 4231 620 4283; x_wconf 82' lang='lat' dir='ltr'><strong>offensionem</strong></span> <span class='ocrx_word' id='word_1_488' title='bbox 638 4231 723 4282; x_wconf 88' lang='lat' dir='ltr'><strong>habet.</strong></span> <span class='ocrx_word' id='word_1_489' title='bbox 759 4231 817 4282; x_wconf 78' lang='lat' dir='ltr'><strong>vid.</strong></span> <span class='ocrx_word' id='word_1_490' title='bbox 828 4237 875 4282; x_wconf 78' lang='lat' dir='ltr'><strong>Ast.</strong></span> <span class='ocrx_word' id='word_1_491' title='bbox 894 4228 1066 4280; x_wconf 81' lang='lat' dir='ltr'><strong>Animadvers.</strong></span> <span class='ocrx_word' id='word_1_492' title='bbox 1085 4229 1110 4278; x_wconf 91' lang='lat' dir='ltr'><strong>in</strong></span> <span class='ocrx_word' id='word_1_493' title='bbox 1129 4233 1192 4281; x_wconf 85' lang='lat' dir='ltr'><strong>Plot.</strong></span> <span class='ocrx_word' id='word_1_494' title='bbox 1204 4231 1264 4298; x_wconf 79' lang='lat' dir='ltr'><strong>Leg.</strong></span> 
     </span>
     <span class='ocr_line' id='line_1_46' title="bbox 114 4313 1265 4386; baseline 0.004 -22"><span class='ocrx_word' id='word_1_495' title='bbox 114 4331 136 4380; x_wconf 86' lang='grc' dir='ltr'><strong>ρ.</strong></span> <span class='ocrx_word' id='word_1_496' title='bbox 145 4319 196 4366; x_wconf 85' lang='grc'><strong>190.</strong></span> <span class='ocrx_word' id='word_1_497' title='bbox 215 4316 271 4368; x_wconf 92' lang='lat' dir='ltr'><strong>coll.</strong></span> <span class='ocrx_word' id='word_1_498' title='bbox 290 4318 419 4368; x_wconf 73' lang='lat' dir='ltr'><strong>asnonio</strong></span> <span class='ocrx_word' id='word_1_499' title='bbox 437 4317 560 4386; x_wconf 79' lang='lat' dir='ltr'><strong>Epiphan.</strong></span> <span class='ocrx_word' id='word_1_500' title='bbox 579 4318 610 4368; x_wconf 89' lang='lat' dir='ltr'><strong>T.</strong></span> <span class='ocrx_word' id='word_1_501' title='bbox 620 4319 651 4367; x_wconf 94' lang='lat' dir='ltr'><strong>ll.</strong></span> <span class='ocrx_word' id='word_1_502' title='bbox 667 4333 691 4383; x_wconf 86' lang='lat' dir='ltr'><strong>p.</strong></span> <span class='ocrx_word' id='word_1_503' title='bbox 701 4319 750 4367; x_wconf 81' lang='lat'><strong>280</strong></span> <span class='ocrx_word' id='word_1_504' title='bbox 762 4316 848 4383; x_wconf 76' lang='lat' dir='ltr'><strong>(ost).</strong></span> <span class='ocrx_word' id='word_1_505' title='bbox 872 4313 1022 4366; x_wconf 78' lang='lat' dir='ltr'><strong>adverbium</strong></span> <span class='ocrx_word' id='word_1_506' title='bbox 1041 4314 1265 4382; x_wconf 82' lang='grc' dir='ltr'><strong>μετηλλαγμένως,</strong></span> 
     </span>
     <span class='ocr_line' id='line_1_47' title="bbox 114 4398 1265 4469; baseline 0.002 -18"><span class='ocrx_word' id='word_1_507' title='bbox 114 4403 264 4454; x_wconf 74' lang='lat' dir='ltr'><strong>immutatione</strong></span> <span class='ocrx_word' id='word_1_508' title='bbox 280 4407 361 4467; x_wconf 73' lang='lat' dir='ltr'><strong>seclo,</strong></span> <span class='ocrx_word' id='word_1_509' title='bbox 386 4403 425 4454; x_wconf 90' lang='lat' dir='ltr'><strong>eui</strong></span> <span class='ocrx_word' id='word_1_510' title='bbox 442 4402 558 4454; x_wconf 83' lang='lat' dir='ltr'><strong>adiicitur</strong></span> <span class='ocrx_word' id='word_1_511' title='bbox 575 4398 620 4469; x_wconf 74' lang='lat' dir='ltr'><strong>itis</strong></span> <span class='ocrx_word' id='word_1_512' title='bbox 638 4401 735 4463; x_wconf 85' lang='grc' dir='ltr'><strong>πίστιν,</strong></span> <span class='ocrx_word' id='word_1_513' title='bbox 753 4405 778 4452; x_wconf 79' lang='lat' dir='ltr'><strong>iu</strong></span> <span class='ocrx_word' id='word_1_514' title='bbox 795 4403 857 4466; x_wconf 68' lang='lat' dir='ltr'><strong>fide,</strong></span> <span class='ocrx_word' id='word_1_515' title='bbox 881 4417 908 4449; x_wconf 90' lang='lat' dir='ltr'><strong>se</strong></span> <span class='ocrx_word' id='word_1_516' title='bbox 926 4409 1009 4450; x_wconf 88' lang='lat' dir='ltr'><strong>tuetur</strong></span> <span class='ocrx_word' id='word_1_517' title='bbox 1027 4399 1142 4468; x_wconf 78' lang='lat' dir='ltr'><strong>analogia</strong></span> <span class='ocrx_word' id='word_1_518' title='bbox 1160 4401 1265 4453; x_wconf 82' lang='lat' dir='ltr'><strong>aliorum</strong></span> 
     </span>
     <span class='ocr_line' id='line_1_48' title="bbox 114 4485 1265 4557; baseline 0.002 -20"><span class='ocrx_word' id='word_1_519' title='bbox 114 4487 139 4538; x_wconf 93' lang='lat' dir='ltr'><strong>id</strong></span> <span class='ocrx_word' id='word_1_520' title='bbox 154 4506 226 4556; x_wconf 79' lang='lat' dir='ltr'><strong>genos</strong></span> <span class='ocrx_word' id='word_1_521' title='bbox 244 4488 433 4552; x_wconf 84' lang='lat' dir='ltr'><strong>adverbiorum,</strong></span> <span class='ocrx_word' id='word_1_522' title='bbox 455 4505 535 4557; x_wconf 86' lang='lat' dir='ltr'><strong>quae,</strong></span> <span class='ocrx_word' id='word_1_523' title='bbox 559 4487 620 4538; x_wconf 86' lang='lat' dir='ltr'><strong>licet</strong></span> <span class='ocrx_word' id='word_1_524' title='bbox 637 4487 662 4537; x_wconf 91' lang='lat' dir='ltr'><strong>in</strong></span> <span class='ocrx_word' id='word_1_525' title='bbox 680 4485 777 4537; x_wconf 83' lang='lat' dir='ltr'><strong>Lexicis</strong></span> <span class='ocrx_word' id='word_1_526' title='bbox 794 4485 937 4553; x_wconf 82' lang='lat' dir='ltr'><strong>vulgaribus</strong></span> <span class='ocrx_word' id='word_1_527' title='bbox 954 4485 1009 4536; x_wconf 84' lang='lat' dir='ltr'><strong>scre</strong></span> <span class='ocrx_word' id='word_1_528' title='bbox 1026 4487 1159 4553; x_wconf 79' lang='lat' dir='ltr'><strong>neglecta,</strong></span> <span class='ocrx_word' id='word_1_529' title='bbox 1182 4499 1265 4539; x_wconf 87' lang='lat' dir='ltr'><strong>tamen</strong></span> 
     </span>
     <span class='ocr_line' id='line_1_49' title="bbox 117 4559 1265 4644; baseline 0.003 -22"><span class='ocrx_word' id='word_1_530' title='bbox 117 4591 166 4624; x_wconf 89' lang='lat' dir='ltr'><strong>cum</strong></span> <span class='ocrx_word' id='word_1_531' title='bbox 181 4577 245 4644; x_wconf 84' lang='lat' dir='ltr'><strong>apud</strong></span> <span class='ocrx_word' id='word_1_532' title='bbox 262 4575 323 4628; x_wconf 86' lang='lat' dir='ltr'><strong>alios</strong></span> <span class='ocrx_word' id='word_1_533' title='bbox 340 4574 483 4642; x_wconf 82' lang='lat' dir='ltr'><strong>scriptores,</strong></span> <span class='ocrx_word' id='word_1_534' title='bbox 501 4573 648 4642; x_wconf 83' lang='lat' dir='ltr'><strong>praesertim</strong></span> <span class='ocrx_word' id='word_1_535' title='bbox 666 4571 813 4641; x_wconf 87' lang='lat' dir='ltr'><strong>posterioris</strong></span> <span class='ocrx_word' id='word_1_536' title='bbox 830 4571 928 4632; x_wconf 81' lang='lat' dir='ltr'><strong>aetatis,</strong></span> <span class='ocrx_word' id='word_1_537' title='bbox 947 4559 999 4620; x_wconf 85' lang='lat' dir='ltr'><strong>tum</strong></span> <span class='ocrx_word' id='word_1_538' title='bbox 1018 4571 1085 4639; x_wconf 88' lang='lat' dir='ltr'><strong>apud</strong></span> <span class='ocrx_word' id='word_1_539' title='bbox 1104 4575 1265 4638; x_wconf 71' lang='lat' dir='ltr'><strong>Epiphanium</strong></span> 
     </span>
     <span class='ocr_line' id='line_1_50' title="bbox 116 4657 1266 4728; baseline 0.001 -20"><span class='ocrx_word' id='word_1_540' title='bbox 116 4657 176 4708; x_wconf 82' lang='lat' dir='ltr'><strong>haud</strong></span> <span class='ocrx_word' id='word_1_541' title='bbox 192 4677 247 4712; x_wconf 85' lang='lat' dir='ltr'><strong>raro</strong></span> <span class='ocrx_word' id='word_1_542' title='bbox 264 4670 405 4712; x_wconf 85' lang='lat' dir='ltr'><strong>occurrunt.</strong></span> <span class='ocrx_word' id='word_1_543' title='bbox 440 4659 539 4714; x_wconf 81' lang='lat' dir='ltr'><strong>Videris</strong></span> <span class='ocrx_word' id='word_1_544' title='bbox 558 4676 612 4711; x_wconf 90' lang='lat' dir='ltr'><strong>mea</strong></span> <span class='ocrx_word' id='word_1_545' title='bbox 630 4659 662 4710; x_wconf 89' lang='lat' dir='ltr'><strong>ad</strong></span> <span class='ocrx_word' id='word_1_546' title='bbox 680 4661 760 4710; x_wconf 77' lang='lat' dir='ltr'><strong>Elium</strong></span> <span class='ocrx_word' id='word_1_547' title='bbox 779 4661 839 4712; x_wconf 82' lang='lat' dir='ltr'><strong>Crtl·</strong></span> <span class='ocrx_word' id='word_1_548' title='bbox 857 4657 905 4708; x_wconf 90' lang='lat' dir='ltr'><strong>col.</strong></span> <span class='ocrx_word' id='word_1_549' title='bbox 925 4660 974 4707; x_wconf 87' lang='grc'><strong>798</strong></span> <span class='ocrx_word' id='word_1_550' title='bbox 993 4659 1061 4726; x_wconf 86' lang='grc'>(11).</span> <span class='ocrx_word' id='word_1_551' title='bbox 1081 4675 1119 4728; x_wconf 83' lang='lat' dir='ltr'><strong>aq.</strong></span> <span class='ocrx_word' id='word_1_552' title='bbox 1154 4659 1191 4709; x_wconf 86' lang='lat' dir='ltr'><strong>Ex</strong></span> <span class='ocrx_word' id='word_1_553' title='bbox 1208 4659 1266 4718; x_wconf 81' lang='lat' dir='ltr'><strong>Nn-</strong></span> 
     </span>
    </p>
   </div>
   <div class='ocr_carea' id='block_1_3' title="bbox 0 0 1611 5154">
    <p class='ocr_par' dir='ltr' id='par_1_10' title="bbox 0 0 1611 5154">
     <span class='ocr_line' id='line_1_51' title="bbox 0 0 1611 5154; baseline 0 0"><span class='ocrx_word' id='word_1_554' title='bbox 0 0 1611 5154; x_wconf 95' lang='lat' dir='ltr'><strong> </strong></span> 
     </span>
    </p>
   </div>
  </div>
 </body>
</html>
