3200 5158
1173 373 1254 430 ohxl

98 529 164 600 quod
176 531 199 584 is
212 529 308 584 musis
321 535 390 584 totus
400 529 456 582 iore
468 528 664 584 solennitatibus
676 531 823 598 occupatur.
851 525 918 580 Nem
929 527 952 579 ri
963 527 1032 580 'lieri
1042 525 1071 580 iu
1081 527 1173 584 seriem
1185 547 1203 582 1.
1217 529 1255 582 iu-

97 616 175 680 eidst,
192 616 294 680 deoims
305 616 396 686 quintu
407 615 448 668 die
460 615 508 668 erit
518 613 684 683 sesnopsgla‚
701 611 821 682 proxime
836 618 895 682 poet
906 611 1053 666 sabbatum.
1080 612 1109 666 iii
1120 613 1148 668 in
1159 633 1203 678 ιι,
1212 614 1254 667 de·

96 701 162 754 oims
173 699 242 766 dies,
257 715 325 772 ques
338 700 435 754 festum
447 705 487 752 est
497 698 646 768 hippurim,
662 698 690 750 in
706 715 742 752 ιι.
755 695 847 750 istium
862 689 983 752 iueurrs't.
1019 697 1047 750 Si
1058 698 1087 751 in
1098 716 1133 752 ιι.
1145 698 1255 768 denique

95 781 228 851 ceciderit,
245 787 403 857 scenopegia
419 803 453 840 vr.
465 783 530 838 ieris
540 783 659 852 proxime
670 787 731 834 ente
742 782 882 835 sebbutum
893 782 1034 850 emungat.
1069 782 1098 836 ln
1111 783 1193 838 illeso
1203 785 1255 838 elie

96 887 188 924 csusss
200 877 241 924 eet
251 885 331 942 quem
342 871 451 923 duorum
462 868 631 922 ssbbuhrrnm
642 867 811 922 condonetis.
832 865 900 920 ilum
911 873 938 920 et
948 883 979 920 ee
990 867 1098 922 desituri
1107 867 1189 922 nihilo
1200 884 1255 925 me·
1337 861 1341 870 ¹

97 958 136 1026 gis
145 957 251 1028 poterit
276 955 310 1008 Ut
321 972 381 1008 oum
392 954 528 1008 neomenia
538 951 620 1006 Nisuu
631 951 722 1021 iuoiplt
732 965 748 1004 ι
758 950 824 1009 ierit
834 969 864 1018 ι.,
880 967 946 1022 queo
957 951 1076 1022 legitime
1087 959 1139 1022 est,
1156 951 1256 1012 decime

97 1047 188 1112 quarta
199 1042 242 1096 die
253 1042 390 1096 sabbatum
402 1045 453 1102 est,
464 1043 490 1091 et
501 1037 620 1108 sequenti
631 1037 737 1090 solenne
749 1052 909 1106 azymorum.
936 1035 1043 1092 Cretera
1054 1054 1113 1092 eum
1125 1038 1195 1110 apud
1205 1037 1255 1092 lie·

96 1127 201 1192 breson,
212 1135 270 1181 tum
281 1143 315 1180 er
326 1126 425 1179 haduis
435 1120 504 1194 apud
514 1122 623 1176 Puulnm
634 1121 832 1192 Forosomprou.
844 1122 889 1176 lib.
898 1139 954 1176 vm.
966 1129 1032 1193 part
1040 1143 1081 1188 ιι,
1092 1123 1255 1180 Maestorum

96 1212 122 1264 in
132 1211 254 1277 Kalend,
264 1227 313 1266 noo
323 1227 376 1264 ιιι
388 1215 414 1280 et
425 1207 520 1278 Scslig.
531 1207 576 1260 lib.
586 1225 615 1260 ιι.
627 1214 654 1261 et
665 1225 711 1262 ιιι.
723 1206 755 1260 de
765 1206 874 1262 Emsud.
885 1207 974 1278 Temp.
986 1209 1040 1280 legi
1049 1213 1183 1280 poterunt,
1199 1211 1255 1282 qui·

97 1297 143 1350 hus
153 1298 248 1351 merito
259 1295 463 1366 supersedemus.

161 1379 236 1436 Nune
253 1381 316 1435 illud
328 1381 354 1432 in
366 1379 572 1449 disquisitionem
584 1383 697 1443 roratur,
714 1377 824 1432 fueritne
842 1379 937 1448 priscis
953 1385 1080 1450 usurpate
1095 1381 1255 1452 temporibus

97 1467 194 1520 dierum
207 1483 239 1520 as
249 1465 371 1520 ferierunt
383 1465 427 1518 illu
439 1463 582 1526 distinctim
600 1463 664 1516 odeo
681 1469 712 1516 nt
726 1479 777 1534 qno
795 1479 864 1518 anno
881 1479 975 1535 pessus
987 1471 1028 1518 est
1036 1463 1156 1520 Christus
1166 1461 1256 1521 ludaei

97 1567 129 1605 ex
140 1552 299 1622 prussoripts
309 1549 422 1604 iormule
431 1547 528 1618 pssohu
538 1548 727 1602 transtulerint.
754 1549 972 1618 Antiquissimum
983 1549 1052 1605 huno
1063 1567 1161 1605 rnorem
1173 1552 1255 1606 inisse

97 1641 122 1690 et
131 1643 191 1692 aute
199 1635 392 1690 Seleueiduruur
402 1640 521 1704 tempora
531 1642 663 1704 resupnum
674 1632 789 1688 defendit
798 1633 923 1704 Souligen
939 1641 966 1688 et
976 1651 1022 1688 eur
1032 1636 1059 1688 id
1070 1638 1098 1690 in
1107 1635 1175 1690 'Iisri
1182 1653 1255 1708 proe-

97 1723 182 1776 ssrtim
194 1723 361 1776 onssmnm
372 1719 418 1784 rit,
435 1733 555 1772 mursam
571 1735 628 1772 esse
644 1724 731 1790 putet,
748 1719 872 1789 quonium
888 1735 967 1790 segre
982 1726 1070 1775 coetos
1087 1722 1159 1774 eibos
1176 1722 1255 1776 biduo

97 1823 196 1861 seruere
213 1812 321 1877 possent
335 1805 363 1858 in
379 1805 432 1856 illis
449 1803 617 1873 regionibus,
638 1819 705 1874 quae
725 1811 851 1858 sutumuo
867 1805 1072 1860 ferventissimus
1089 1823 1146 1859 esee
1163 1809 1256 1863 solent

96 1890 166 1955 Quae
176 1893 245 1946 ratio
256 1891 332 1944 molto
344 1889 369 1943 id
381 1889 462 1942 sumit
472 1888 542 1958 quod
554 1889 604 1941 ulio
616 1889 674 1942 loeo
687 1889 827 1942 refutatum
839 1895 892 1955 est,
906 1891 986 1944 nuliis
1002 1891 1108 1946 omnino
1118 1891 1192 1946 iestis
1204 1892 1255 1946 die·

98 1977 143 2030 ιιι
154 1978 253 2032 eihairs
264 1991 373 2044 eoqnere
384 1972 487 2028 iudsels
498 1973 538 2026 ius
548 1973 640 2026 inisse
674 1975 730 2027 ilos
741 1989 801 2028 uero
819 1974 850 2027 de
862 1975 930 2030 eolis
944 1975 1061 2029 subiretis
1073 1981 1130 2042 eut,
1146 1978 1170 2030 si
1180 1976 1255 2042 forte,
1280 1991 1302 2031 e·
1312 1981 1355 2022 1⁸1·

96 2061 228 2134 hippurim
240 2062 318 2114 etiam
330 2059 371 2112 dio
381 2065 548 2130 praeceptum
559 2059 587 2112 lu
598 2059 657 2128 lege
666 2060 747 2112 ueteri
755 2059 1002 2124 demonstrauimus,
1014 2062 1042 2116 iu
1053 2059 1159 2131 reliquia
1169 2063 1255 2118 solen·

96 2147 170 2202 nihua
181 2145 302 2200 senilem
314 2144 554 2214 operamduutaust
561 2149 712 2214 surreptum,
724 2149 752 2196 st
762 2159 829 2214 quse
837 2144 871 2197 ad
879 2145 977 2198 vietum
987 2145 1097 2200 attinent
1104 2148 1173 2200 lioits
1180 2163 1255 2218 prse-

97 2247 207 2302 pereses.
241 2230 294 2284 Sed
308 2229 475 2284 nihileminue
490 2229 688 2284 remunerem
699 2227 892 2284 ohsrsoterismi
902 2231 971 2286 Tisri
986 2232 1036 2284 suh
1051 2229 1193 2286 Seleueidis
1208 2233 1254 2286 oh-

97 2323 222 2372 servm
238 2317 330 2386 probet
346 2315 391 2368 lib.
404 2333 446 2380 ιι,
463 2315 508 2368 uhi
524 2314 557 2366 ds
571 2313 677 2384 periodo
694 2314 849 2368 ludaeorum
865 2315 1158 2382 mussemutinae,
1178 2318 1255 2388 idque

96 2404 193 2472 aliquot
203 2401 330 2470 exemplis
342 2400 488 2456 ooniirnset.
510 2399 588 2453 Velut
599 2399 669 2468 qnod
680 2413 749 2452 euno
760 2399 906 2453 domiuieee
918 2401 1046 2470 passionis
1059 2402 1138 2471 Tieri,
1156 2419 1215 2457 oum
1226 2405 1254 2456 iu

98 2505 164 2541 ιιιι.
176 2487 247 2556 Sept.
263 2484 363 2538 ierisA
379 2485 523 2549 moidisseh
540 2485 567 2538 in
578 2485 698 2555 quintum
709 2485 863 2540 usnststum
875 2491 926 2551 est,
942 2493 1078 2557 propterea
1094 2488 1165 2558 qnod
1175 2488 1255 2542 Nisuu

98 2572 283 2634 iusshhetnru,
299 2568 348 2624 hoe
364 2575 406 2623 eet
421 2587 438 2624 e
450 2587 484 2622 rr.
495 2569 560 2624 feria
575 2570 604 2622 in
616 2587 661 2626 ιιι,
674 2570 814 2622 transierit.
837 2569 904 2624 Num
915 2578 972 2624 eret
982 2589 1066 2626 sunus
1077 2573 1254 2628 Alexandreue

97 2657 166 2721 eet,
181 2663 209 2710 et
224 2655 331 2725 proinde
343 2673 385 2710 ru.
397 2654 497 2726 periodi
509 2674 533 2709 ι.
567 2655 611 2710 Sic
627 2671 695 2710 nuno
713 2653 808 2710 Christi
819 2671 880 2710 ιιι.
894 2659 1031 2712 neomenia
1048 2656 1129 2712 Niesn
1145 2676 1204 2714 eum
1221 2676 1255 2720 eu

97 2741 256 2796 Alexandrou
274 2739 345 2812 epelo
363 2741 390 2792 in
406 2737 497 2792 feriam
509 2757 555 2795 ιιι.
570 2741 731 2805 conveniret,
749 2741 943 2794 instrumienta
957 2747 1005 2795 est.
1039 2741 1108 2812 Ergo
1125 2751 1150 2796 et
1161 2743 1255 2797 Tisris

96 2827 157 2880 huie
166 2843 202 2879 ιι.
214 2825 242 2878 lu
254 2841 278 2880 ι.
291 2839 359 2878 anuo
372 2825 543 2878 embolimaeo
556 2825 692 2879 deieotiro.
730 2823 803 2888 Quod
820 2832 906 2879 autem
923 2826 1004 2880 lean
1019 2827 1084 2880 ieris
1099 2829 1183 2898 prime
1197 2845 1254 2882 eoe-

97 2913 160 2982 perit
169 2927 203 2964 err
216 2927 248 2964 eo
260 2911 359 2982 colligit
370 2909 439 2980 quod
451 2909 577 2980 Iosephus
589 2910 716 2963 decimam
728 2917 847 2980 quartem
860 2911 940 2964 Nison
952 2912 1105 2966 eoursuiese
1117 2913 1184 2966 dieat
1194 2922 1254 2966 oum
1365 2965 1370 2973 ,

97 3013 147 3052 ιιι.
159 2997 259 3050 meueis
270 2995 372 3050 hulieni„
397 2995 459 3048 diret
474 3009 558 3048 sunus
574 2995 673 3064 primus
684 3013 720 3048 ιι.
731 2995 830 3064 periodi
846 3001 1036 3061 ιιιιιιιιιιιι,
1054 2997 1122 3050 'lieri
1136 3016 1170 3052 ιι.
1183 2999 1254 3070 Sept

96 3081 158 3134 ieris
167 3100 218 3152 ιι,
231 3083 303 3152 epulo
314 3081 378 3134 solis
390 3097 455 3136 ruer.
487 3079 624 3134 Trenelets
635 3081 722 3150 iraque
733 3081 871 3134 neomenia
882 3081 909 3134 iu
921 3098 945 3133 ι.
956 3081 1061 3146 lorium,
1077 3088 1105 3135 st
1119 3089 1256 3154 propterea

97 3164 174 3220 reuss
186 3183 203 3220 ιι
214 3183 261 3220 ιιι.
273 3167 300 3220 iu
312 3185 344 3230 ι.,
357 3181 423 3236 quse
434 3165 490 3220 Kal.
500 3165 559 3236 Apr.
573 3166 706 3230 convenit,
718 3165 793 3234 tyele
805 3165 867 3219 solis
879 3183 955 3220 xxm.
967 3166 1100 3220 omnum
1111 3173 1159 3222 est.

161 3251 258 3306 Vsruru
269 3253 296 3304 iu
308 3258 417 3322 utruque
429 3251 646 3312 demonstratione
657 3251 699 3303 sui
710 3251 802 3304 similis
814 3259 854 3303 est
864 3250 990 3319 Scaliger,
1007 3259 1034 3304 et
1046 3252 1081 3306 sd
1091 3253 1117 3306 id
1129 3254 1198 3324 qnod
1209 3256 1254 3311 dn·

98 3338 167 3391 hlum
177 3343 220 3391 est
228 3335 425 3408 apprehendum
437 3335 517 3389 dubia
526 3336 613 3404 mugio
623 3333 737 3390 effertst
747 3336 853 3391 ineerta.
878 3335 941 3399 Quis
953 3337 1023 3392 enim
1034 3337 1082 3391 hoo
1093 3339 1207 3409 primurn
1216 3335 1255 3394 illl

98 3423 264 3488 wsoemerit,
279 3437 378 3476 suum
393 3437 449 3474 esse
465 3421 593 3492 pusionis
609 3421 697 3485 illum,
715 3437 793 3493 quom
807 3422 864 3492 ipse
879 3423 981 3486 seue,
997 3423 1254 3492 inhorruerunt..

98 3523 169 3562 suso
180 3508 357 3576 Dionysium
368 3511 481 3561 urrinni
504 3505 572 3570 Quid
583 3505 607 3560 si
617 3511 749 3577 praeterea
760 3521 795 3559 us
805 3507 996 3562 Alexandrum
1007 3509 1111 3578 quidem
1120 3511 1200 3564 istem
1210 3528 1254 3582 pe-

99 3593 197 3648 rioduuu
209 3593 298 3646 ludaei
309 3608 424 3663 unquam
436 3592 551 3661 amplexi
562 3592 631 3645 siuti
646 3591 673 3643 id
689 3591 758 3660 quod
770 3599 846 3645 entes
857 3591 1036 3649 essentum.
1072 3591 1156 3657 Quare
1167 3597 1208 3649 rel
1218 3597 1253 3651 le·

99 3679 204 3732 vimina
214 3678 374 3734 merendune
389 3677 575 3730 demonstratio
591 3675 768 3747 Seuligeriaus
781 3679 935 3732 convellitur
949 3693 1033 3747 nsque
1044 3679 1150 3749 ‘proiioit
1164 3680 1252 3736 hilum.

100 3761 186 3833 ideque
197 3777 259 3817 rere
270 3763 376 3818 solidior
387 3777 418 3816 uo
428 3762 526 3816 tirmior
538 3763 683 3827 minitere,
701 3777 748 3816 uso
765 3763 852 3816 minus
868 3762 942 3816 iulsir
953 3769 980 3816 et
991 3764 1105 3818 obscuris
1116 3767 1254 3835 postuletis

100 3849 223 3904 innititur.
240 3847 309 3902 idam
317 3848 386 3919 qued
395 3846 532 3918 lossphum
540 3846 725 3900 sitrrvdlissu
733 3863 793 3906 eum
802 3849 897 3918 Aprilis
908 3865 962 3902 xrs.
975 3863 1043 3902 rouo
1054 3849 1255 3906 excidiiludsiei

101 3935 269 4004 esmmrgere,
279 3949 415 4004 nunquam
425 3933 452 3986 id
462 3930 587 4002 Iosephus
598 3931 677 3998 dixit,
689 3933 734 3986 sed
744 3949 895 4002 uyruorum
906 3933 974 3988 uisu
986 3949 1040 3988 m.
1048 3933 1172 3990 Xanthioi
1181 3951 1253 3990 mou-

100 4019 135 4072 eir
151 4019 274 4074 aeoidisee
290 4018 365 4072 docet
380 4019 427 4073 lib.
437 4035 460 4070 ι.
474 4017 505 4070 de
517 4015 579 4072 lire.
591 4031 709 4088 oep.xr.:
727 4017 767 4070 ssi
783 4021 826 4086 τῆς
841 4020 891 4070 τῶι
903 4017 1015 4088 ’diripere
1031 4015 1147 4085 trusione
1163 4019 1253 4090 ἡμέρας

103 4101 341 4176 τεισαρεςκαιδικάτῃ
354 4103 474 4154 Ξανθικοῦ
487 4101 576 4171 μηνὸς,
592 4099 617 4153 ἐν
630 4095 645 4172 ᾖ
659 4102 770 4154 δοκοῦσιν
782 4100 897 4160 Ἰουδαῖοι
914 4103 956 4153 rhu
973 4104 1071 4172 πρῶτον
1083 4101 1254 4174 ἀπαλλαγῆιιιι

105 4189 183 4260 nophe
194 4187 340 4260 Αἰγυπτίων.
375 4187 537 4260 Xanthioum
550 4185 601 4240 hoe
616 4186 673 4240 looo
684 4185 814 4240 lulieuuuu
822 4188 938 4258 Aprilem
953 4203 1011 4240 esse
1023 4188 1120 4242 divinet
1131 4187 1253 4261 Senger,

104 4276 175 4342 qussi
189 4280 313 4345 perpetuo
325 4273 507 4328 Mseodoniess
522 4272 726 4326 illesrususiuru
742 4271 928 4342 appelletionee
943 4272 1050 4326 lulisuie
1066 4275 1198 4329 messibus
1213 4277 1252 4328 iu·

104 4357 205 4426 diderit;
217 4359 285 4430 quod
298 4367 337 4412 est
347 4359 525 4412 falsissimum.
556 4357 624 4412 Nem
634 4355 781 4411 qudrieus
792 4371 977 4427 seepennmero
989 4357 1057 4412 idem
1069 4365 1109 4414 eat
1119 4375 1149 4414 uo
1160 4359 1252 4426 Nisum

105 4451 133 4496 ut
142 4445 185 4499 lib.
194 4463 234 4500 ιιι.
247 4444 318 4516 Orig.
331 4461 385 4515 cop.
396 4462 433 4498 ιιι
446 4447 482 4512 τῷ
495 4442 522 4496 δὲ
534 4442 590 4512 μηνὶ
601 4445 639 4512 τῷ
650 4439 777 4512 Ξανθικῷ,
793 4439 821 4502 ὃς
833 4441 923 4495 Neuris
935 4441 993 4513 παρ’
1003 4441 1063 4513 ἡμῖν
1075 4444 1195 4516 καλεῖται,
1212 4445 1252 4498 nsi

106 4533 148 4580 τοῦ
155 4525 222 4589 ἔτους
229 4527 371 4600 ὶστὶνᾶρχὴ,
381 4523 622 4600 τεισαριςιιαιδειιᾶιῃ
629 4525 692 4580 κατὰ
697 4525 807 4595 σελήνην,
816 4525 840 4578 is
849 4531 911 4597 κριῷ
917 4530 961 4580 τοῦ
967 4525 1036 4594 ἣλιοι
1041 4529 1193 4592 καθεστῶτος
1201 4537 1250 4588 eie.

107 4614 199 4684 puseus
209 4615 332 4668 oelehreri
342 4614 443 4680 serihit;
454 4612 524 4686 quod
535 4618 561 4669 et
572 4622 629 4684 etp.
640 4626 677 4670 ru.
689 4612 721 4668 de
732 4627 822 4668 meuse
833 4609 940 4668 dixerut

155 4716 218 4768 (torp.
225 4715 394 4760 Haeressollil.
1029 4715 1050 4770 L
