3216 5152
378 405 439 468 100
703 415 883 466 8111101111
902 415 936 466 m
955 415 1107 469 11111110.
1126 417 1202 468 nnn.

445 535 472 588 Ρ.
490 535 539 584 800
556 531 641 601 (070).
674 528 870 601 άπειρομεγ
881 532 980 599 iiiuc]
1005 534 1160 587 Adiectivum
1176 529 1375 604 ἀπειρομιγέθης
1389 537 1412 590 in
1428 540 1508 592 Lesicir

377 629 475 682 exstet,
493 636 544 671 non
562 619 623 669 itern
640 618 785 670 adverbium
803 614 1016 686 desperaretur.

443 706 470 756 Ρ.
489 708 539 754 200
557 704 642 772 (071).
678 701 765 758 κατὰ
788 701 871 764 τοός
894 699 1059 758 ἀνωτάτω
1085 703 1148 760 tisri
1177 707 1237 760 σοῦ
1263 707 1446 776 λεχθέντας
1466 709 1510 764 λό-

376 791 467 858 γους]
486 785 621 843 'elumen
639 789 763 840 hocloco
781 801 806 840 ιι
824 807 848 857 p.
859 793 908 838 ιιι
925 790 1008 856 (νει).
1035 794 1085 840 nso
1100 792 1177 858 (oce)
1194 809 1223 842 ex
1241 793 1306 842 male
1318 793 1441 844 intellecto
1452 812 1512 845 wm-

375 875 468 944 pendio
487 875 557 926 vocis
574 870 698 940 ἀνώτερον
716 885 798 924 ortum
816 886 885 943 puto.
922 875 999 925 Recte
1017 893 1076 926 vern
1094 876 1171 929 habet
1188 872 1310 931 ἀνωτάτω
1331 897 1356 946 p.
1368 882 1416 928 480
1431 883 1511 944 (1077)

375 961 415 1011 ubi
433 963 582 1024 Epiphanius
606 978 621 1010 a
638 959 762 1027 principio
781 959 848 1010 dicte
865 960 974 1028 respicit.
1009 961 1098 1029 Neque
1120 956 1242 1016 ἀνωτάτω
1258 962 1434 1016 dubitationem
1450 963 1514 1016 brie

374 1065 400 1114 p.
413 1050 461 1096 202
478 1047 553 1112 (071)
572 1040 772 1114 όπερβαινοόσης
788 1040 830 1098 άελ
846 1043 927 1098 πάντα
943 1046 999 1099 νοῦν
1015 1047 1065 1112 τῆς
1090 1042 1213 1101 ἀνωτάτω
1239 1042 1333 1108 οόσίας.
1368 1051 1409 1100 Fet
1425 1047 1512 1116 τοίων)

372 1129 496 1186 ἀνωτάτω
513 1128 589 1184 eicie
605 1131 658 1180 sive
674 1125 753 1197 φάσις
770 1129 888 1181 solemnis
907 1129 1013 1182 formula
1030 1131 1055 1181 in
1074 1131 1222 1184 declaranda
1240 1132 1377 1184 divinitate.
1411 1134 1462 1186 Vid
1476 1152 1513 1185 εα-

373 1227 427 1267 υοι.
444 1217 469 1266 in
487 1219 566 1268 Elium
582 1218 642 1267 ciet.
662 1215 712 1266 col.
729 1219 775 1266 801
794 1219 805 1278 (
826 1223 846 1279 ).

441 1303 468 1352 P.
485 1305 534 1352 200
552 1302 636 1370 (075).
671 1301 725 1354 ῖνα
748 1302 839 1370 φανῇ
865 1303 1099 1370 διαλεκτικῆς
1123 1300 1320 1369 ἐφευρετης
1338 1300 1426 1357 εἶναι
1443 1308 1514 1358 συλ-

374 1386 569 1454 λογιστίας]
589 1388 688 1438 Nomen
706 1385 865 1456 ουλλογιστία
882 1387 907 1436 in
927 1387 1018 1438 Lexicu
1035 1387 1163 1438 referatur.

441 1473 469 1524 Ρ.
485 1475 535 1522 004
551 1472 637 1539 (070).
666 1472 974 1540 μεταμελημένως]
995 1475 1032 1522 De
1048 1473 1195 1542 reponendo
1213 1474 1457 1542 μεταμεμελημένως
1470 1491 1515 1524 rno-

373 1560 417 1610 nut
434 1559 467 1609 ad
484 1559 515 1610 Τ.
529 1559 559 1608 u.
578 1575 604 1624 p.
617 1560 667 1606 σοι
685 1559 769 1624 (mr).
786 1614 788 1618 ,

441 1645 468 1695 P.
486 1647 536 1693 000
552 1643 637 1712 (001).
671 1635 861 1710 Προῦλαβε
888 1639 950 1708 γάρ
976 1639 1516 1712 όμονογτνηςπαραγράψαιτὴν

373 1725 585 1795 δικαστικήν
611 1723 718 1781 edroi
744 1725 873 1792 ταύτην
900 1724 1028 1795 φωνην]
1054 1731 1167 1780 Pitonius
1184 1730 1274 1780 vertit:
1304 1731 1517 1781 Etenimiiiiosdr·

372 1822 433 1867 creto
449 1819 499 1866 inm
514 1817 607 1877 pridem
623 1817 687 1864 urrici
704 1813 742 1862 cles·
758 1815 803 1876 piis·
821 1815 949 1864 auctoritas
963 1817 1124 1877 praescripsit,
1141 1814 1244 1881 optime,
1264 1814 1388 1882 siquidem
1405 1814 1518 1881 παραγρά-

373 1918 444 1969 φειν,
469 1910 496 1949 οι
520 1899 577 1949 Lat.
595 1901 768 1962 praescribere,
797 1898 900 1964 proprie
918 1897 949 1946 de
975 1899 1132 1966 παραγραφῇ
1155 1899 1207 1949 eive
1225 1900 1376 1968 exceptione
1392 1901 1419 1950 in
1435 1899 1518 1950 indiciis

370 1985 461 2036 dicitnr
478 1983 542 2048 (vid.
558 1987 713 2034 Solomonis.
728 1980 811 2050 Antiq.
828 1984 876 2032 lur.
893 1982 962 2032 Publ.
981 1982 1068 2034 orreo.
1087 2001 1112 2050 p.
1123 1987 1193 2050 277),
1211 1985 1303 2035 deinde
1320 1986 1354 2035 nd
1372 1984 1519 2036 reiioieudnm

372 2087 446 2122 omne
463 2069 552 2120 lslsnm
570 2069 727 2119 transfertur.
763 2066 818 2117 virt
838 2077 924 2120 annot.
943 2067 968 2116 in
986 2071 1065 2118 Elium
1084 2071 1142 2120 Oret
1162 2069 1208 2120 ool
1226 2075 1276 2120 020
1292 2072 1343 2137 (0).

440 2157 469 2209 1².
485 2159 537 2207 010
556 2155 640 2222 (082).
675 2148 972 2220 ἀδημιούργητος]
997 2153 1116 2204 Notcnde
1141 2155 1191 2206 reri
1214 2171 1270 2206 usus
1288 2174 1337 2208 vox
1357 2152 1520 2225 ἀδημιούργη-

370 2259 430 2304 τος,
450 2242 518 2294 onins
534 2241 584 2291 hoc
602 2237 742 2306 exemplum
758 2237 856 2288 Lexicie
874 2237 1013 2288 adiicietur.

440 2326 620 2394 Ρ.012(000).
648 2323 880 2390 έρωτητικῶς]
901 2325 938 2374 De
956 2323 1102 2392 reponendo
1119 2324 1319 2392 ἐρωτηματικυῖς
1333 2327 1387 2379 vid.
1405 2337 1484 2378 cunct.
1501 2326 1521 2376 in

371 2415 402 2464 ’1.
422 2414 465 2464 111.
484 2430 509 2480 p.
522 2415 571 2461 ενι
588 2412 672 2477 (νου).

439 2499 467 2548 P.
482 2500 531 2547 012
545 2496 628 2564 (004).
665 2490 745 2562 ὕλην
770 2492 847 2548 τινά
873 2492 1062 2564 οάγχρονον
1087 2497 1131 2566 τῷ
1150 2497 1215 2566 θεῷ
1234 2495 1520 2565 ἐπιφημίζοντες]

372 2583 429 2638 vid.
446 2592 534 2634 κοινοί.
552 2583 578 2632 in
595 2583 627 2632 T.
641 2583 657 2630 l.
676 2599 700 2649 p.
714 2585 747 2630 48
763 2585 831 2646 (14).

438 2670 465 2722 P.
482 2671 532 2718 014
549 2667 635 2734 (004).
668 2661 836 2732 Ἐποίησε
857 2663 918 2732 γάρ
938 2693 968 2704 -
988 2693 1019 2706 ·-
1039 2673 1371 2736 συμπροςκυνεῖται]
1400 2673 1521 2737 interpun-

372 2753 438 2818 ctio,
455 2754 535 2820 male,
554 2763 581 2803 ut
598 2752 657 2803 ulios
676 2751 834 2819 saepissime,
852 2750 1039 2818 administrata,
1058 2753 1094 2802 itn
1111 2762 1149 2802 est
1167 2753 1322 2820 refingeuds:
1342 2751 1469 2821 Ἐποίησε
1482 2751 1523 2820 γάρ

371 2875 396 2889 ..
414 2839 457 2894 τόν
475 2837 544 2894 υίὸν·
562 2833 592 2891 nri
609 2834 659 2905 γάρ
677 2835 732 2890 ἐστι
750 2834 796 2890 οὖν
813 2837 891 2898 πᾶσι,
911 2843 1077 2904 συνυπουργεῖ
1090 2836 1139 2904 γάρ
1157 2840 1195 2906 τῷ
1214 2837 1289 2905 πατρί
1306 2839 1352 2892 καί
1372 2855 1523 2906 συμπρασσ-

370 2931 463 2978 νεῖται·
488 2919 548 2978 οότε
564 2921 593 2978 τό
612 2918 682 2990 ἅγιον
699 2923 812 2990 πνεῦμα·
838 2917 868 2975 nii
885 2919 934 2990 γάρ
952 2918 1098 2989 ἀριθμεῖται
1112 2933 1160 2975 cet.
1197 2925 1234 2974 De
1252 2923 1349 2976 verbis:
1371 2927 1526 2989 συνυπουργει·

370 3009 419 3077 γάρ
436 3011 474 3080 τῷ
493 3009 578 3078 πατρί,
597 3009 647 3062 vid.
666 3019 751 3059 nnnot.
770 3008 795 3058 in
814 3009 844 3059 T.
864 3011 893 3059 il.
910 3025 935 3075 p.
951 3011 999 3058 078
1013 3013 1097 3074 (770).

441 3099 466 3148 P.
484 3099 533 3156 014
551 3095 636 3164 (004).
671 3093 746 3148 Teii
771 3089 961 3148 districtor
987 3091 1524 3162 όπότήντοῦλνότπρονοησίαν

367 3182 656 3250 ἐπιτεταγμένων
674 3181 718 3246 -]
748 3178 832 3230 Malim
851 3174 1073 3246 ὑποτεταγμένων,
1100 3195 1173 3247 quem
1192 3178 1404 3247 ἐπιτεταγμένων.
1441 3182 1524 3231 Vocem

367 3265 511 3334 προνοησία,
531 3266 723 3334 Lericogrephis
741 3264 862 3332 ignotum,
880 3263 989 3331 neglexit
1005 3266 1102 3315 noceei.
1113 3265 1211 3331 Parerg.
1228 3265 1260 3316 sd
1277 3268 1370 3328 Prope
1390 3284 1417 3334 p.
1432 3269 1523 3331 00011).

367 3351 410 3402 ubi
422 3352 454 3402 de
471 3352 542 3420 parili
560 3351 662 3402 nomine
678 3345 786 3416 άνοησία
803 3349 951 3416 disputetur,
969 3348 1037 3416 quod
1055 3359 1136 3400 exstet
1152 3367 1192 3418 cp.
1205 3353 1321 3414 Epiplinst.
1335 3355 1424 3419 peto
1435 3352 1520 3419 (1070).

435 3439 523 3491 Ρ.020
541 3439 627 3505 (088).
654 3433 822 3501 ω’ςοίτήν
843 3433 1089 3502 παραπληξίαν
1107 3435 1322 3502 κεκτημένοι
1340 3437 1523 3504 νομίζοντι

368 3521 429 3591 μέν
452 3520 603 3582 terrete
627 3519 659 3574 ἐν
677 3520 849 3588 φρονήσει
874 3516 981 3582 εἶναι,
1010 3517 1144 3580 reieci
1164 3515 1522 3590 ἄλλουςφρενητιιλν-

367 3609 439 3676 τας]
458 3607 633 3658 Scribendnm:
652 3606 836 3674 φρενιτιιόντας.
871 3605 926 3656 vid.
946 3615 1032 3656 annot.
1051 3605 1076 3655 in
1094 3607 1124 3656 T.
1142 3607 1173 3656 ll.
1192 3625 1217 3674 p.
1232 3611 1281 3658 482
1299 3609 1388 3674 (002).

437 3695 464 3744 Ρ.
478 3696 528 3744 020
544 3693 627 3761 (088).
663 3691 782 3744 Ταῦτα
806 3689 843 3745 ei
868 3687 979 3744 πάντα
1004 3687 1242 3760 διαλαβόντες
1353 3693 1391 3747 ἐν
1419 3709 1526 3760 κεφα-

367 3779 484 3840 λαίοις
510 3775 570 3841 λζ’.
606 3773 668 3838 Οίς
693 3776 867 3844 νουνεχῶς
893 3773 982 3841 ipe<
1008 3774 1165 3845 ἐντυχεῖν
1191 3779 1471 3847 παρακαλοῦμεν
1488 3775 1527 3843 —l

366 3867 544 3929 Ερίμίιοπίιετιι,
567 3863 629 3914 licet
652 3861 775 3931 ἰδιωτικῷ
797 3857 865 3929 λόγῳ
883 3877 953 3912 usum
971 3860 1050 3929 (qnod
1067 3861 1121 3928 ipse
1138 3880 1162 3930 p.
1179 3865 1238 3929 022,
1257 3867 1314 3914 usi.
1331 3865 1448 3932 ingenue
1468 3866 1531 3914 iste·

366 3951 432 4016 tor),
452 3965 577 4016 nunquam
595 3959 678 3999 tannen
696 3945 795 3999 credam
813 3945 946 4014 participio
965 3961 1009 4014 pro
1026 3946 1103 3998 verbo
1122 3947 1192 3998 linito
1210 3949 1313 4000 abusum
1330 3966 1398 4002 esee.
1436 3953 1529 4016 ltaque,

367 4035 451 4085 deleto
468 4031 506 4095 οίς
524 4044 549 4086 et
566 4034 661 4101 virgula
679 4051 725 4102 pro
751 4043 845 4100 puncto
863 4042 921 4100 post
945 4030 981 4095 λζ
999 4032 1096 4100 ponite,
1122 4033 1185 4083 ictu:
1210 4033 1378 4104 διαλαβόντες
1399 4065 1433 4074 -
1452 4051 1534 4100 παρπ-

367 4120 501 4187 καλοῦμεν,
519 4119 693 4187 coniungenda
711 4135 809 4170 censeo.
847 4118 885 4168 ld
902 4117 1012 4186 ἐντυχεῖν
1029 4117 1225 4169 subandiendum
1243 4113 1342 4182 ου’τοῖς,
1369 4121 1444 4189 qnod
1461 4137 1532 4188 quum

367 4206 471 4257 sciolum
489 4205 603 4267 inllcret,
621 4200 659 4265 οίς
674 4203 815 4256 inculcavit.
1137 4257 1139 4262 ,

437 4293 464 4343 Ρ.
481 4295 529 4342 022
545 4291 630 4359 (000).
664 4284 786 4358 Ὀλίγα
808 4287 846 4344 ei
863 4317 895 4328 -
913 4317 945 4328 -
964 4286 1146 4354 συντόμως
1170 4288 1274 4356 λέξω]
1302 4290 1426 4342 Orationi
1445 4292 1534 4342 mirere

367 4375 516 4428 claudicanti
532 4378 568 4427 ita
585 4375 777 4427 succurrendum
800 4385 877 4442 puto,
904 4383 931 4423 ut
956 4371 982 4436 ἐξ
1006 4364 1041 4426 νόν
1064 4387 1111 4440 pro
1136 4373 1166 4427 ἐκ
1189 4372 1285 4428 τούτων
1314 4371 1354 4434 είς
1381 4375 1536 4428 insolentius

367 4460 461 4512 dictum
478 4462 615 4530 accipietur
639 4461 703 4526 (vid.
720 4471 805 4511 annot.
824 4461 849 4510 in
866 4461 897 4511 T.
915 4460 946 4508 ll.
971 4476 997 4527 p.
1014 4461 1080 4518 564,
1099 4460 1171 4526 14.),
1198 4453 1249 4513 ὅσα
1271 4469 1372 4522 nutem,
1403 4461 1452 4515 καί
1478 4469 1536 4510 ente

368 4544 394 4598 ἐν
411 4543 501 4614 δράσει
518 4557 544 4597 et
561 4547 669 4598 alterum
691 4545 738 4614 τήν
755 4545 865 4601 διάνοιαν
883 4543 1021 4595 deleantur.
1057 4543 1114 4606 Quo
1130 4543 1214 4608 lucto,
1240 4545 1320 4596 orstio
1334 4545 1374 4596 ite
1394 4545 1535 4614 procedet:
