3252 5158
308 367 439 426 oneum

308 528 383 589 suut,
395 528 421 578 et
432 537 448 577 s
459 525 567 580 caeteris
577 523 762 596 interpretibus
774 524 882 590 omissa,
898 541 959 579 cum
970 524 998 578 in
1009 524 1125 578 Hebruoo
1137 524 1245 580 minime
1255 525 1427 596 repedantur,
1442 529 1474 580 ut

307 614 419 664 testetur
432 609 561 665 Eusebius
576 610 622 664 lib.
631 627 668 665 ιι.
682 610 713 662 ds
730 609 877 664 Demonstr.
889 609 989 680 Ersng.
1023 609 1079 663 lsru
1097 625 1158 663 roro
1175 625 1222 680 pro
1239 607 1293 675 bis,
1310 609 1472 681 προςεδέξπο

310 694 383 746 οὗτοι
396 701 455 762 ete,
472 696 600 766 quaedam
617 695 676 751 edit.
690 694 820 748 habebunt
838 695 901 750 olim
917 693 944 748 δν
956 694 1091 766 ᾑρέτισινῆ
1109 695 1176 766 ψυχή
1193 713 1254 765 μοι,
1269 695 1310 750 ΔΙ.
1323 692 1351 747 δν
1362 693 1472 766 ᾑρέτισα,

309 778 341 842 εἰς
353 779 380 834 δν
391 779 526 848 lobienses
538 786 586 834 eto.

375 865 408 919 N.
413 885 449 920 rr.
461 864 588 936 Ὠσπεργε
600 869 671 937 κακῷ
683 865 735 918 κυνὶ
747 860 826 936 ὄνομα
837 865 920 934 λέων]
938 866 1053 936 Insignis
1065 865 1099 920 sd
1110 865 1220 920 eundem
1230 866 1389 919 sententium
1399 863 1474 918 locus

224 991 231 1004 .
278 987 284 1002 .
309 957 348 1006 est
361 968 395 1006 ex
405 951 517 1006 Hslludii
528 950 741 1005 Ghrestomnthiis
754 952 823 1022 spnd
834 950 965 1005 Photium=
978 948 1037 1004 Ὅτι
1046 951 1074 1004 rb
1088 949 1121 1023 μὴ
1133 950 1211 1021 λέγειν
1223 950 1337 1021 δύςοημσ
1349 951 1410 1002 πᾶσι
1422 953 1474 1010 τοῖς

233 1031 238 1040 ’
309 1037 423 1098 παλαιοῖς
436 1036 478 1108 μὲν
492 1037 588 1107 φροντὶς
600 1031 642 1106 ἦν,
659 1035 766 1108 μάλιστα
783 1035 809 1088 sl
820 1039 871 1098 τοῖς
884 1035 1026 1104 Ἀθηναίοις.
1053 1034 1096 1088 ulo
1109 1035 1149 1088 xci
1160 1035 1189 1088 sb
1202 1033 1370 1108 δεσμωτήριον
1382 1035 1475 1108 οἴκημα

309 1120 421 1191 ἐκάλουν,
434 1121 474 1174 καὶ
485 1122 528 1172 cbo
541 1122 627 1192 δήμιον
641 1121 729 1190 recubu,
741 1122 783 1182 τὰς
796 1121 823 1174 el
834 1120 958 1194 Ἐριννύος
970 1121 1116 1193 Εὐμενίδας,
1131 1119 1148 1188 η’
1160 1119 1253 1192 Σεμνὰς
1266 1119 1333 1190 θεὰς,
1345 1120 1374 1173 rb
1387 1119 1416 1174 δὲ
1427 1125 1474 1192 μῦ·

310 1225 352 1269 σος
364 1204 437 1277 ἄγος,
449 1206 478 1258 rb
492 1205 518 1258 δί
530 1201 584 1269 ὄξος
597 1206 667 1277 μέλι,
686 1207 725 1259 uel
738 1205 780 1274 τὴν
792 1205 872 1278 χολὴν
884 1206 1008 1278 γλυκεῖαν,
1025 1206 1067 1260 τὶνν
1080 1203 1106 1259 δὲ
1119 1206 1239 1278 βόρβορον
1250 1201 1338 1276 ὄχετδν
1350 1211 1400 1262 etc.
1435 1207 1475 1260 Its

309 1293 379 1364 apud
390 1293 522 1348 Hebraeos
534 1299 660 1355 tunsum
671 1297 712 1345 est
722 1308 828 1356 caecus,
840 1309 901 1346 oum
914 1298 939 1346 et
949 1293 1052 1346 redium
1063 1289 1195 1362 significet
1205 1289 1380 1362 resplendere.
1399 1291 1475 1356 Quod

309 1395 371 1432 vero
383 1379 435 1431 mel
446 1383 550 1432 suetum
561 1378 630 1448 opud
641 1378 742 1430 Atticos
754 1377 851 1430 dietum
867 1377 915 1442 sit,
931 1378 958 1430 id
975 1395 1009 1432 ex
1020 1378 1104 1432 Plinio
1117 1376 1264 1430 confirmari
1274 1392 1352 1447 posse
1363 1376 1475 1440 videtur,

310 1465 355 1534 qui
365 1464 453 1518 lib.xr.
465 1480 577 1534 oup.xv.,
589 1463 617 1515 in
629 1463 699 1516 omni
711 1463 787 1515 melle
799 1463 868 1532 quod
879 1479 926 1534 per
937 1480 965 1516 se
976 1461 1048 1528 linit,
1060 1467 1163 1516 nestum
1171 1461 1223 1514 dici
1232 1467 1368 1517 memoret
1386 1461 1474 1526 Quen·

311 1564 391 1618 quum
401 1565 449 1602 nos
462 1565 565 1602 ocsmm
575 1548 717 1618 legendum
729 1565 787 1602 sese
800 1547 989 1620 disputavimus
1000 1549 1033 1602 ed
1044 1547 1224 1602 Themistium.

501 1701 546 1755 Al)
563 1701 737 1756 HAERESIM
753 1701 851 1766 Lvlfl,
869 1700 958 1765 QUAE
975 1701 1038 1756 EST
1052 1699 1277 1757 VALESIORUM.

378 1804 410 1856 N.
421 1823 440 1858 1.
463 1804 509 1856 Καὶ
520 1804 548 1855 rb
563 1802 605 1875 μὶν
619 1799 697 1875 ὄνομα
708 1789 857 1875 Ἀραβικὴν]
881 1803 936 1857 Imo
948 1803 1070 1858 Latinum
1087 1804 1189 1858 Valens.

379 1889 424 1940 Καὶ
437 1888 507 1942 οὗτοι
520 1888 546 1941 δὲ
558 1889 611 1958 περὶ
623 1887 729 1960 ἀρχῶν]
753 1891 861 1943 Videtur
872 1889 991 1943 nonnihil
1002 1889 1105 1956 deesse,
1117 1888 1186 1960 quod
1196 1904 1325 1960 suspense
1334 1888 1371 1942 sit
1381 1888 1476 1942 horum

310 1975 448 2028 verborum
459 1976 600 2040 sententis,
614 1975 692 2035 obsec
704 1973 841 2037 δοξάζουσι.

378 2059 424 2112 llel
437 2059 475 2112 tol
499 2059 639 2131 συμψιλίοις
652 2060 788 2127 δήσαντες]
821 2061 874 2114 Ant
886 2059 1039 2131 depravate,
1057 2065 1103 2114 unt
1118 2059 1347 2131 ignotsmihivox
1360 2064 1403 2114 est
1414 2077 1475 2128 σνμ-

312 2145 410 2216 pellor,
433 2145 463 2199 ln
476 2163 527 2216 qne
539 2146 740 2200 divinationibus
752 2161 782 2198 sc
794 2145 948 2199 coniecturis
959 2146 1048 2200 ludere
1059 2146 1136 2200 lnoile
1147 2151 1195 2199 est.

378 2229 409 2286 N.
422 2249 460 2284 ιιι.
483 2228 559 2284 Ὅσοι
571 2229 598 2283 δὲ
610 2229 641 2291 eir
654 2231 682 2282 τ“ο
695 2233 846 2302 πρόχειρον]
880 2229 1026 2302 Exscripsit
1035 2231 1104 2286 huuc
1116 2229 1254 2306 Epiphanii
1264 2232 1352 2285 locum
1365 2231 1476 2285 Anisu-

311 2317 366 2370 sins
383 2317 519 2388 episcopus
536 2317 649 2370 Nicenus
668 2315 715 2380 Qu.
728 2334 818 2371 nxxrx.
834 2323 896 2370 tom.
906 2335 924 2370 n
941 2315 1008 2370 Bibl.
1020 2316 1068 2370 PP.
1080 2318 1126 2370 ubi
1141 2315 1233 2372 Metth.
1246 2317 1333 2372 locum
1348 2317 1426 2372 illum
1441 2333 1477 2372 ex

311 2418 368 2472 cup.
378 2420 432 2457 xrs.
445 2403 616 2472 plurimorum
626 2407 730 2472 patrum
742 2401 855 2455 collectis
867 2401 1002 2456 sententiis
1013 2402 1132 2456 illustret.

486 2623 530 2676 AD
548 2623 722 2678 HAERESIM
737 2624 816 2688 lix,
834 2624 923 2689 Quen
940 2623 1003 2679 EST
1020 2623 1298 2680 novrumltouuu.

413 2744 456 2797 De
477 2745 706 2814 poenitentiae
724 2749 833 2798 vetere
854 2743 887 2798 in
909 2744 1049 2798 ecclesie
1070 2745 1198 2798 ratione
1220 2744 1373 2798 distribs.

633 2898 794 2968 Quaesnsrit
805 2899 1010 2952 Nocotianorom
1021 2899 1153 2952 Haeresie.

379 2999 576 3055 Ecclesiasticus
588 3001 625 3054 rei
636 3001 828 3072 functionisqus
844 3003 984 3074 praecipuo
999 3019 1060 3074 pars
1078 3001 1238 3072 poenitentis
1254 3003 1364 3072 eiusque
1382 3017 1435 3056 usu
1451 3005 1479 3056 et

313 3085 534 3140 edmmisuntime
552 3087 706 3140 continetur.
742 3087 881 3141 Testeotur
892 3087 918 3140 id
930 3087 1057 3159 imprimis
1069 3093 1158 3142 veteru
1169 3088 1256 3141 omnin
1268 3087 1380 3142 concilis
1390 3092 1417 3141 et
1428 3085 1478 3141 SS.

312 3171 360 3226 Pl'.
373 3172 488 3237 decretu,
499 3189 565 3243 quae
577 3171 625 3226 hec
636 3174 662 3226 in
672 3189 725 3226 nne
734 3189 761 3226 re
771 3172 939 3243 gubernando
948 3179 973 3226 et
982 3173 1163 3227 constituenda
1171 3173 1335 3244 potissimum
1345 3173 1478 3236 luberent,

313 3271 344 3310 sc
361 3257 393 3310 de
409 3258 598 3328 poenitentium
615 3257 693 3310 seriis
711 3258 845 3312 ordinibus
862 3265 889 3311 et
905 3258 1041 3328 gradibus,
1062 3257 1145 3328 deque
1165 3259 1329 3329 singolorum
1349 3264 1478 3330 ternpore,

312 3343 390 3396 modo
408 3359 438 3396 oc
456 3344 555 3396 ratione
573 3343 687 3396 studiose
704 3344 890 3414 praescribunt.
925 3343 1009 3408 Quam
1028 3344 1131 3414 quidem
1143 3341 1298 3397 christianes
1321 3343 1477 3414 disciplinas

312 3435 420 3500 perlem,
432 3443 535 3498 meque
547 3434 573 3481 ot
584 3429 707 3482 ecclesias
718 3435 875 3499 potestatem
884 3445 1043 3500 oppugnare,
1056 3435 1085 3482 ut
1094 3429 1156 3482 olim
1165 3427 1313 3494 Novatinni,
1325 3430 1365 3482 sio
1373 3433 1477 3483 nostrs-

312 3521 351 3568 tos
363 3511 486 3566 haeretici
497 3515 569 3566 omni
581 3531 628 3584 ope
640 3531 671 3568 so
683 3515 782 3568 ratione
794 3521 929 3569 conentur.
965 3513 1037 3578 Quss
1052 3512 1116 3568 mihi
1132 3529 1225 3567 seusus
1236 3514 1300 3568 ssu's
1312 3513 1408 3568 idonee
1419 3515 1479 3567 nise

313 3604 365 3664 est,
382 3615 427 3652 cur
443 3598 475 3652 de
486 3600 646 3669 poenitentis
656 3600 714 3670 ipsu
725 3600 757 3652 ed
768 3598 836 3653 hanc
846 3599 1049 3654 Norstiunorum
1060 3597 1189 3652 heerssim
1199 3599 1301 3670 plenius
1312 3599 1413 3670 aliquid
1423 3599 1478 3652 vel-

312 3686 365 3738 lem
375 3685 532 3754 uberiusque
545 3683 676 3738 disserere.
693 3684 782 3756 Neque
792 3702 852 3738 sero
861 3701 927 3756 quse
937 3683 969 3736 sd
978 3701 1036 3738 enm
1046 3685 1169 3750 attinent,
1180 3685 1301 3738 universe
1309 3684 1477 3755 complectar,

314 3770 358 3824 ssd
376 3786 407 3822 ee
425 3769 523 3822 scilicet
537 3771 664 3840 attingam
677 3785 742 3840 quse
755 3769 787 3823 sd
800 3767 969 3824 Cetlrerorum
980 3768 1109 3823 haeresim
1120 3777 1199 3840 etque
1210 3766 1349 3840 Epiphanii
1360 3768 1477 3840 disputa-

213 3893 234 3934 „
243 3880 286 3926 m
313 3857 411 3909 tionem
422 3853 600 3908 illustrandum
612 3856 756 3908 necessaris
767 3855 892 3909 videntur.
912 3856 949 3908 Ao
961 3856 1074 3925 primum
1086 3853 1117 3908 de
1128 3855 1197 3908 illios
1209 3861 1295 3908 sectus
1307 3871 1338 3908 sc
1349 3853 1477 3909 schism·

313 3941 462 4006 decutere,
475 3940 557 4010 deque
569 3940 624 3993 eins
636 3939 758 4010 dogmate
769 3957 853 4011 peuce
864 3939 992 4010 qne-edum
1004 3957 1018 3993 e
1030 3941 1119 3994 multis
1130 3939 1236 3993 libendo
1247 3945 1316 3994 snut

380 4027 410 4080 ln
422 4041 472 4098 quo
482 4027 619 4096 plerosque
627 4033 742 4079 veterum
751 4032 861 4095 petrum,
874 4042 903 4079 sc
912 4024 1078 4096 potissimum
1090 4025 1256 4088 Gruecmum,
1268 4025 1405 4079 nbsrrseee
1414 4041 1477 4080 con·

314 4117 378 4177 etot,
395 4111 440 4182 qui
451 4111 515 4164 duos
527 4117 613 4164 sectae
625 4109 701 4164 buius
713 4109 864 4164 architectos
876 4112 903 4164 in
921 4128 1003 4164 unum
1014 4111 1136 4176 miscent,
1153 4110 1322 4164 similitudine
1336 4111 1477 4166 nominum

313 4198 424 4268 decepti,
437 4195 565 4250 Nouatum
578 4205 604 4248 et
615 4194 796 4251 Norstionum.
833 4195 947 4260 Quorum
959 4196 1002 4250 ille
1014 4196 1151 4250 Abiosnus
1169 4197 1305 4267 episcopus
1321 4195 1385 4261 luit,
1400 4197 1478 4252 cuius

313 4283 491 4354 turpissimam
506 4297 535 4334 ιιο
547 4279 779 4351 flagitiosissimum
790 4282 882 4346 vitem,
898 4282 1021 4336 sunritiee
1039 4282 1139 4346 sordes,
1155 4282 1345 4346 credulitatem,
1361 4281 1479 4335 nelsnds

314 4369 451 4440 parricidis
460 4367 581 4421 describit
590 4365 735 4437 Cyprianus
746 4367 825 4439 llpist.
835 4385 907 4422 xcrx.
930 4367 1001 4421 Idem
1012 4383 1085 4432 vero,
1098 4383 1156 4420 cnm
1169 4368 1196 4421 in
1208 4367 1340 4438 lapsorum
1351 4368 1477 4438 grstisrn,

315 4471 380 4525 quos
393 4452 537 4522 Cyprianus
550 4452 707 4506 diuturniore
719 4453 896 4524 severioreqne
909 4453 1043 4523 discipline
1057 4452 1213 4506 coercendos
1230 4451 1391 4516 decreverat,
1408 4451 1477 4506 Feli·

316 4539 436 4591 sissimus
448 4537 582 4608 presbyter
594 4534 707 4590 sehiems
718 4536 869 4604 conflasset,
886 4536 918 4590 sd
935 4536 1012 4590 huius
1028 4537 1167 4592 lectionem
1180 4535 1364 4591 ndbrsrenoenr
1376 4537 1477 4592 diriss-

314 4639 377 4678 usm
393 4623 520 4694 imprimis
538 4623 673 4676 ecclesium
690 4624 849 4692 permiscuit.
882 4623 943 4678 lude
960 4621 1070 4676 Remum
1087 4624 1215 4694 navigans
1231 4621 1405 4676 Novetisnum
1420 4623 1476 4678 illie
