3216 5152
1201 375 1276 436 xvu

128 529 298 602 θιθαβυλῶιος
314 529 363 584 rirrb
381 533 423 599 ιῆς
440 529 524 584 ‘loono
541 529 631 600 φυλῆς,
650 521 680 597 ἥς
696 530 794 601 πρώτης
810 529 928 598 ἐλθοθσης
944 528 977 593 εἰς
993 529 1095 594 ἐκείνους
1110 531 1167 595 τοὺς
1184 535 1274 597 adoreo:

126 617 188 670 oirol
198 635 221 670 ιι
238 617 277 670 καὶ
294 616 309 684 ἡ
327 616 400 688 χώρα
414 621 457 684 τῆς
473 615 638 688 προσηγορίας
650 617 737 682 ταύτης
750 616 892 688 μετέλαβον.
919 617 1006 682 Quare
1015 623 1076 689 posl
1086 617 1275 689 Babylonicum

125 704 289 774 captiuitatem
304 703 460 757 ludaeorum
471 700 628 756 venabulum
639 702 759 756 obtinuit.
992 771 995 776 ,

185 788 226 840 Καὶ
238 787 362 859 eramala
374 787 439 841 οθιω
452 786 566 858 κληθείσῃ
579 787 654 854 rora]
682 785 762 852 Quasi
777 787 844 842 dnae
856 801 887 841 ao
903 787 1077 860 dieorepantes
1090 790 1275 861 appellationes

123 874 182 930 istae
193 875 250 928 sini.
276 873 412 928 Enimvero
425 889 479 926 uua
489 873 631 945 eademque
643 890 696 928 vox
708 878 748 926 est
758 843 908 942 nihilist.
934 873 986 928 Sed
998 873 1026 926 rb
1039 879 1063 936 n
1076 876 1151 942 olim,
1165 881 1195 930 nt
1206 877 1275 946 apud

121 961 224 1025 Arabes,
238 961 276 1014 ila
286 959 355 1030 apud
365 960 496 1014 Hebraeos
508 964 630 1030 perpetuo
643 975 702 1013 oum
712 957 802 1030 Raphe
813 960 1018 1029 pronuntiatum.
1042 960 1135 1016 Graeoi
1146 959 1185 1016 διὰ
1196 961 1275 1016 τοῦΠ

123 1051 304 1116 expresserunt.

181 1129 211 1184 N.
222 1149 247 1184 ι.
264 1131 310 1183 Kal
322 1131 423 1183 lluddior
434 1128 564 1202 ἐγένοντο]
582 1131 684 1184 Χυδοιῖοι
693 1128 742 1184 boo
753 1131 811 1185 loeo
823 1131 891 1186 idam
906 1137 947 1186 sat
957 1137 1035 1202 alque
1046 1134 1216 1198 abundantes,
1235 1153 1275 1187 co·
1301 1149 1323 1190 Ρ·
1332 1139 1362 1179 ¹⁸·

118 1219 297 1285 plurificanar.
319 1215 480 1287 Epiphanius
491 1233 553 1271 rere
564 1217 670 1287 perinde
682 1215 731 1270 boo
743 1217 900 1271 vocabulum
912 1219 1006 1288 aooipit
1021 1235 1052 1272 ao
1064 1219 1087 1272 si
1103 1221 1166 1272 siles
1178 1229 1204 1272 er
1219 1238 1275 1272 ooo·

121 1311 215 1370 rempror
229 1301 397 1372 significaret.
424 1301 492 1356 Nam
509 1301 623 1356 mroois
641 1307 682 1354 est
697 1306 820 1372 persons.
845 1303 911 1356 llino
929 1301 1091 1374 dactylorum
1108 1320 1192 1374 genus
1210 1305 1275 1360 diris

120 1401 214 1440 ssorum
225 1404 273 1458 per
283 1391 460 1459 contemptum
472 1403 488 1440 a
498 1387 600 1442 Indaeis
612 1386 758 1457 chydaeum
769 1391 898 1442 rooatum.
915 1387 1014 1442 Plinius
1025 1390 1070 1444 lib.
1082 1407 1159 1446 narn.
1172 1407 1229 1461 oap.
1239 1409 1274 1446 rr.

119 1471 183 1524 Nora
193 1491 252 1540 pros
263 1491 294 1526 es
304 1477 339 1526 a'a's
349 1473 439 1527 leonori
450 1476 552 1527 deorum
563 1475 691 1538 dicamus,
708 1472 840 1542 Clydusos
857 1476 1000 1544 appellauit
1013 1475 1115 1530 Iudaeo
1120 1516 1128 1541 ,
1142 1493 1205 1545 pens
1217 1494 1275 1530 oon·

118 1558 213 1610 osella
225 1563 351 1611 oraminum
361 1563 477 1628 a'ner'qno's.

178 1641 210 1699 N.
222 1661 259 1698 ιι.
281 1639 327 1695 Διὰ
342 1642 371 1696 rb
390 1643 555 1711 διπλοῦσθαι]
580 1643 649 1699 Nam
664 1644 725 1698 libri
742 1644 793 1699 duo
810 1643 913 1716 Regum
929 1645 1043 1716 priores,
1061 1665 1126 1718 qnos
1144 1647 1274 1702 Samuelis

117 1734 211 1794 rorant,
222 1730 346 1784 volumen
358 1745 440 1783 unum
451 1731 621 1795 oonstitnnnt,
631 1731 747 1800 itemque
758 1729 862 1800 rogum
873 1731 925 1784 duo
936 1733 1091 1802 posteriores
1103 1750 1194 1788 unum.
1206 1735 1274 1790 'lam

116 1812 175 1868 liber
185 1813 256 1868 nom
267 1829 328 1868 onm
338 1813 455 1868 ludioum
466 1815 531 1869 libro
543 1816 666 1870 rolnmen
677 1817 783 1869 unioum
794 1816 865 1870 iaoit.
891 1815 935 1870 Sia
950 1823 977 1871 el
987 1818 1048 1871 libri
1058 1818 1274 1890 Paralipomenon

116 1897 174 1966 duo,
191 1901 352 1970 tandemque
368 1900 477 1966 Satires,
494 1901 599 1972 singula
615 1901 684 1973 apud
701 1901 833 1956 Hebraeos
850 1901 986 1956 volumina
1002 1903 1110 1958 iaciunt.
1138 1905 1179 1958 lta
1194 1923 1211 1958 ι
1228 1922 1274 1959 ex·

115 1985 213 2054 ponens
229 1986 418 2052 voluminibus,
434 1992 537 2040 sonabat
547 2005 604 2041 nan
621 1987 746 2041 librorum
762 2003 895 2042 numerus.
925 1987 989 2042 Vide
1004 1988 1107 2043 Hieron.
1118 1989 1146 2042 in
1161 1989 1274 2060 Prologo

116 2068 230 2136 (lelanto,
243 2070 370 2140 cyrillum
387 2071 492 2127 Galeob.
501 2091 536 2126 ιι.
546 2071 642 2128 Enseb.
654 2073 700 2127 lib.
709 2091 745 2127 ιι.
756 2073 853 2128 Hister.
866 2088 922 2143 sap.
933 2091 987 2128 ιιι.

174 2155 207 2210 N.
218 2175 267 2210 ιιι.
284 2155 300 2222 ἥ
312 2174 346 2217 τις
358 2156 424 2228 ψυχὴ
438 2156 483 2210 oba
495 2156 643 2228 danisman]
666 2157 740 2211 Salei
750 2159 903 2228 plerumque
915 2157 1063 2229 scripturae
1074 2159 1154 2212 verba
1164 2177 1218 2214 ιιοιι
1229 2161 1273 2213 iis-

114 2240 182 2308 dem,
195 2243 293 2312 quibus
305 2247 429 2314 oenoepta
440 2249 514 2309 sunt,
526 2243 604 2297 citare
613 2243 715 2308 verbis,
726 2243 772 2297 sed
783 2243 941 2310 immutatis,
952 2249 982 2296 nt
993 2243 1042 2298 boo
1049 2243 1108 2298 looo
1116 2245 1215 2300 larium
1226 2251 1273 2300 esi.

175 2327 367 2398 θααιλευόμιιαι
379 2326 427 2380 orl
438 2333 483 2381 ποθ
494 2327 643 2400 impulsu]
663 2328 783 2384 Samaria
793 2330 908 2400 regionis
918 2329 1049 2383 interdum
1059 2347 1156 2385 nornen
1167 2338 1219 2396 sat,
1234 2332 1273 2385 in·

113 2415 211 2471 tardum
222 2413 321 2486 oppidi.
345 2413 428 2468 Priori
442 2413 520 2470 ruodo
536 2416 616 2469 etiam
631 2420 692 2470 auls
707 2403 838 2470 oondiiam
849 2415 995 2469 &mariam
1006 2421 1147 2488 usurpatur
1157 2435 1196 2472 ιιι.
1208 2417 1273 2487 Bag.

112 2515 163 2570 sap.
172 2519 234 2566 mr,
246 2499 294 2553 32:
305 2500 425 2570 Profecto
436 2505 502 2553 esaar
510 2505 680 2555 oeoislsermo
686 2541 694 2566 ‚
706 2503 951 2572 qroemproedira'ra'o
958 2519 1071 2556 ισπιιιοιιι
1080 2505 1175 2556 donnini
1183 2511 1274 2556 oonrm

112 2587 204 2650 nilons,
221 2588 290 2656 qaod
305 2595 343 2638 eal
354 2591 382 2639 ιἰι
394 2585 485 2641 Beris!
495 2597 520 2641 at
530 2595 620 2640 ooroiru
632 2591 795 2657 omniasuoo
806 2589 959 2640 excelsorum
964 2625 972 2652 ,
990 2605 1055 2658 poue
1066 2597 1125 2640 rarsi
1133 2592 1161 2640 ιἰι
1171 2589 1274 2640 urbibus

110 2671 254 2726 Samariae.
288 2671 324 2724 At
340 2687 396 2742 oap.
408 2689 466 2738 rvr,
483 2672 517 2725 24
533 2673 606 2726 Amri
616 2687 663 2726 rsx
680 2671 785 2726 lsradlis
802 2677 862 2726 amir
877 2683 982 2727 moolers
997 2673 1137 2726 Samariae
1154 2693 1172 2725 a
1188 2671 1274 2725 θοαιιν

112 2757 202 2810 duodus
212 2759 320 2810 micatis
330 2762 433 2826 arpensi
442 2767 468 2810 er
477 2760 627 2827 aedificarit
635 2777 701 2823 eum,
718 2767 745 2812 ae
753 2762 855 2812 ιοοσοιθ
866 2777 953 2812 nomen
964 2763 1089 2822 οιόίισιισ,
1105 2777 1180 2828 quum
1191 2767 1274 2811 arira·

110 2852 193 2906 rerar‚
205 2846 306 2895 aomina
315 2841 402 2894 Samer
413 2845 508 2896 domim
517 2847 608 2896 ποιιὲι
615 2843 774 2897 Sessorium.
802 2845 878 2915 Apud
890 2843 1065 2915 Epiphanium
1076 2859 1139 2914 ergo
1150 2845 1217 2897 ratio
1228 2861 1274 2914 po·

110 2929 197 2992 etmel,
209 2933 241 2982 nt
253 2927 373 2983 Samaria
384 2927 499 2998 regionis
510 2928 611 2999 posius,
629 2946 709 3000 quam
726 2930 814 3001 oppidi
825 2930 983 2984 rooabnlnm
999 2930 1041 2982 sit.
1070 2927 1192 2983 Nondum
1204 2930 1274 2984 enim

110 3010 261 3068 leroboamo
276 3018 404 3084 regnante
420 3013 524 3068 oondila
540 3023 596 3068 erat
612 3013 737 3071 Samaria.
763 3014 797 3068 El
812 3021 901 3069 tamen
919 3030 979 3068 oum
989 3015 1177 3084 Hierosolymis
1194 3029 1274 3086 oppo-

109 3103 192 3169 natur,
203 3115 254 3170 pro
266 3099 361 3170 oppido
373 3099 442 3154 sumi
451 3099 560 3154 ridetur.

173 3183 274 3246 Ἰωσίας
286 3183 416 3255 ’la-porion,
429 3183 471 3238 τὀι
483 3184 523 3237 καλ
534 3184 653 3256 maipa]
675 3185 765 3241 llnltls
776 3183 861 3240 modis
872 3185 1008 3257 implioata
1018 3191 1045 3240 at
1055 3186 1166 3240 obscura
1176 3191 1218 3240 ast
1228 3203 1274 3256 po-

109 3275 265 3325 sbsmorum
274 3271 353 3325 ludas
361 3285 453 3341 regum
461 3271 607 3336 ιιιοοοιιίο,
620 3286 698 3341 qnam
707 3270 896 3341 impeditiorem
903 3271 968 3325 iaoit
975 3269 1101 3326 Matthaei
1109 3273 1273 3342 genealogia.

109 3355 160 3412 Noa
176 3363 320 3428 utrumque
336 3356 435 3410 nodum
450 3357 561 3410 breviter
577 3357 627 3410 boo
642 3357 700 3410 looo
717 3356 898 3412 dissolvemur.
924 3356 1006 3411 iosias
1017 3357 1102 3412 Amen
1113 3357 1183 3410 filius
1199 3358 1275 3428 regni

109 3439 232 3498 haeredes
243 3441 314 3496 filios
326 3441 418 3496 babuit
429 3443 535 3497 omnino
546 3447 613 3507 ires,
628 3447 660 3495 nt
675 3458 709 3494 ex
726 3441 770 3496 lib.
779 3457 815 3498 rr.
826 3441 892 3512 Sag.
905 3449 1015 3498 constal.
1041 3443 1144 3496 Primus
1156 3447 1216 3513 post
1227 3459 1275 3512 pa·

109 3530 188 3584 rantis
203 3533 318 3582 mortem
334 3529 455 3598 regnarit
469 3527 577 3582 Ioaolrar
593 3527 728 3582 mensibus
744 3519 839 3581 nibus:
857 3545 892 3582 ιι.
904 3527 969 3598 Sag.
983 3527 1024 3593 23,
1035 3527 1077 3595 30,
1094 3529 1139 3598 qni
1151 3527 1275 3581 etleobo·

108 3613 165 3668 niae
177 3616 205 3668 in
217 3613 367 3685 apocrypho
377 3613 475 3668 Eadras
486 3613 552 3668 libro
564 3615 641 3668 terrio
653 3613 754 3678 dicitnr,
770 3629 827 3685 oap.
840 3632 863 3680 1,
876 3613 918 3668 34.
945 3614 1082 3684 Perperam
1094 3615 1164 3667 anim
1174 3611 1274 3667 Maido-

108 3707 185 3754 natns
195 3705 288 3754 noster
298 3699 325 3753 id
337 3699 370 3752 ad
381 3700 477 3754 lossim
489 3699 703 3756 accommodavit.
731 3699 867 3754 Secundus
882 3704 923 3754 est
933 3697 1046 3764 loalrim,
1064 3700 1109 3768 qui
1125 3704 1152 3752 et
1166 3699 1274 3752 llliaoim

109 3791 216 3839 rosalus
229 3791 283 3851 est,
294 3786 340 3840 lib.
350 3803 386 3841 ιι.
397 3785 463 3856 Reg-
474 3801 532 3856 oap.
542 3803 619 3852 xxm,
631 3786 673 3851 34,
685 3785 731 3856 qui
742 3801 825 3840 annos
837 3785 958 3855 regnarit
965 3803 1002 3840 nr.
1020 3785 1123 3838 Tertius
1134 3780 1274 3837 init'Seds·

108 3872 169 3936 sias,
188 3877 251 3925 ante
268 3887 347 3942 quem
358 3869 465 3925 Ioaohin
480 3871 536 3924 sive
547 3870 680 3926 leobonias
691 3871 798 3926 loaoimi
808 3871 878 3924 iilius
890 3872 974 3924 tribus
982 3871 1115 3924 mensibus
1124 3869 1273 3940 lmperarit:

108 3973 163 4028 oap.
176 3975 252 4024 narr,
265 3957 304 4010 17.
332 3957 368 4010 nt
378 3975 396 4013 ι.
407 3955 493 4010 Paral.
504 3971 561 4027 oap.
573 3973 616 4021 ιιι,
631 3956 662 4010 lb
677 3955 761 4010 iosias
772 3955 821 4009 filii
832 3957 999 4010 nominantur
1011 3961 1133 4027 quatuor:
1149 3953 1274 4018 lobanau,

108 4041 222 4108 Ioakim‚
239 4043 373 4108 Sedeoias,
390 4049 416 4096 el
431 4042 540 4096 Sellum.
573 4041 640 4094 (lum
656 4041 698 4094 bio
717 4042 801 4096 multe
817 4043 850 4095 ab
866 4041 1049 4111 interpretibus
1065 4045 1092 4093 et
1107 4039 1274 4110 chronologis

109 4127 259 4193 adorantur,
270 4128 357 4198 plaoet
363 4127 539 4182 Hebraeorum
548 4127 685 4192 senlsnlia,
694 4127 873 4198 imprimisque
881 4126 956 4180 Aban
964 4125 1060 4180 Heerae
1068 4126 1096 4179 in
1106 4143 1122 4178 ι.
1133 4141 1189 4196 rap.
1199 4125 1274 4188 Dan„

108 4212 138 4267 R
149 4213 215 4267 Levi
228 4214 279 4266 ben
292 4211 392 4266 Gerson
409 4219 436 4266 et
445 4213 476 4266 li.
488 4211 571 4267 David
583 4211 617 4266 ad
628 4211 672 4265 lib.
684 4230 719 4266 ιι.
736 4212 802 4281 lieg.
815 4227 872 4281 rap.
884 4229 965 4276 xxm,
982 4209 1081 4264 Selium
1092 4211 1204 4264 eundem
1216 4227 1274 4264 esse

108 4315 168 4354 oum
179 4297 303 4364 loaolras,
321 4299 367 4370 qni
382 4305 519 4370 paternum
532 4297 671 4368 imperium
686 4297 806 4368 populari
820 4296 945 4362 faotione,
961 4313 1016 4350 non
1030 4297 1086 4349 iure
1102 4297 1274 4350 suooessionis

108 4385 236 4450 obtinuit,
254 4384 322 4454 qnod
340 4389 365 4438 st
376 4383 510 4456 Scriptura
525 4399 584 4454 cap.
594 4401 676 4448 amn,
692 4381 734 4436 30.
746 4382 860 4435 declarat
870 4380 911 4435 his
923 4381 1022 4436 verbis:
1043 4381 1158 4451 Tolirpae
1166 4383 1275 4452 popalus

109 4481 195 4524 terras
214 4471 329 4524 Iooodor
337 4473 421 4540 fllium
435 4472 535 4524 Ionos:
558 4478 584 4523 ee
600 4479 725 4522 ιιισοιιιιι
742 4487 795 4522 eom
808 4477 841 4521 sl
860 4472 1109 4542 commandatum
1126 4485 1210 4537 repom
1223 4487 1274 4538 pro

106 4567 184 4626 porra
195 4575 249 4610 suo.
268 4557 335 4612 Nam
346 4557 370 4610 si
381 4557 473 4610 astatis
484 4556 726 4626 ordinem-spectes,
738 4558 798 4625 post
805 4552 943 4618 lohanam,
955 4552 1000 4624 qni
1012 4557 1073 4606 ante
1083 4555 1165 4624 patris
1174 4553 1274 4607 obitum

109 4647 261 4714 praereptus
276 4644 390 4709 ridetur,
405 4642 538 4700 maximus
554 4645 618 4697 natu
632 4641 683 4696 luit
697 4639 795 4698 Ioaoim
809 4641 865 4696 aire
881 4639 996 4695 liliaoim.
1020 4638 1097 4703 Quod
1112 4644 1140 4695 at
1149 4638 1274 4709 losepbus

148 4746 346 4797 Cormllaereaeol.
355 4747 395 4788 ΠΙ.
1048 4725 1071 4778 Β
