3252 5158
340 387 445 445 CLXVI

340 544 410 598 illiue
421 543 473 599 diei
484 542 584 597 cibaria
591 544 759 614 parabantur,
771 559 830 596 cum
841 541 868 596 id
879 543 936 613 ipso
947 543 1015 596 testo
1026 543 1115 596 liceret
1126 558 1211 614 agere.
1229 543 1326 598 Verum
1337 543 1399 613 quia
1410 543 1504 614 estqui

341 629 502 683 tolerabilem
510 627 578 682 hano
585 629 708 699 loquendi
716 628 828 682 termam
836 633 909 698 putet
918 643 974 680 asae
981 667 988 693 ,
996 633 1027 680 ut
1034 643 1173 698 parasceve
1182 627 1312 700 paschatis
1320 628 1356 681 ait
1364 641 1505 698 parasceue

342 715 456 779 sabbati,
467 714 494 768 in
507 730 585 784 quani
597 713 722 768 incideret
733 711 848 784 paschal
868 711 983 766 Nimium
995 711 1044 766 hoc
1057 713 1199 767 absurdum
1211 720 1256 767 est
1279 711 1333 766 Sed
1344 719 1372 766 et
1382 713 1450 766 illud
1459 713 1505 766 ial-

341 800 488 864 sissirnum,
503 800 602 869 primae
619 799 670 852 diei
685 815 835 868 azymorum
852 803 1064 868 caeterorumque
1080 797 1206 852 laetorum
1222 815 1392 870 parascevem
1409 800 1505 852 nnllmn

341 885 436 952 inisse,
448 884 518 955 qnod
530 901 564 938 ex
575 885 752 938 Hebraeorum
764 884 866 954 seriptis
878 882 912 936 ab
924 883 982 938 aliis
993 883 1133 938 refutatum
1144 889 1195 949 eat,
1212 889 1241 938 nt
1256 883 1283 937 in
1300 902 1331 938 ao
1349 885 1507 938 commorari

341 970 405 1024 nihil
417 971 452 1024 sit
462 985 577 1024 necesse.
595 968 713 1024 limillod
723 968 827 1039 quidem
837 973 905 1022 recta
914 968 1090 1022 indnnalibua
1100 969 1274 1034 observatum,
1284 969 1358 1022 nulla
1365 987 1508 1040 purascere

342 1056 376 1110 ad
387 1056 459 1110 cibos
470 1057 498 1108 in
506 1055 604 1108 iestnm
616 1055 683 1108 diem
694 1053 859 1125 appetendos
871 1071 936 1126 opus
948 1053 1041 1119 tuisse,
1058 1054 1126 1124 qnod
1143 1055 1170 1108 in
1186 1055 1249 1108 solis
1265 1054 1385 1110 sabbatis
1397 1071 1508 1126 coquere

342 1142 414 1196 cibos
425 1140 590 1196 interdictum
602 1146 685 1206 esset,
697 1141 786 1193 liceret
796 1140 823 1192 in
836 1137 996 1204 cacterie,'iu
1007 1155 1058 1210 quo
1071 1139 1207 1211 plerosque
1215 1142 1285 1194 viros
1296 1140 1414 1194 eruditos
1426 1140 1507 1194 hallu·

342 1227 441 1281 cinctos
458 1243 516 1280 esee
533 1226 692 1280 monuimus.
727 1223 779 1278 Sed
795 1229 898 1294 praeter
914 1223 1013 1278 cibaria
1029 1229 1130 1278 constet
1146 1225 1199 1278 alia
1214 1225 1343 1296 quaedam
1359 1227 1509 1298 praeparari
1607 1229 1608 1304 ὴ

343 1313 502 1384 oportuisse,
521 1317 649 1380 quaeant
665 1312 764 1381 absque
782 1309 870 1363 servili
882 1325 958 1380 opere
969 1311 1097 1380 praestari
1107 1327 1160 1364 non
1172 1317 1292 1382 possent,
1310 1318 1358 1364 aut
1374 1311 1410 1365 ad
1427 1313 1507 1383 ipainr

342 1398 403 1451 festi
414 1396 590 1450 celebritatem
601 1395 742 1448 ineundam
754 1396 880 1449 anteverti
892 1395 1022 1450 deberent.
1040 1395 1165 1459 Quocirca
1175 1394 1240 1450 nihil
1251 1403 1291 1450 eet
1300 1397 1371 1466 qued
1382 1396 1507 1450 adversus

343 1487 396 1536 tam
409 1482 554 1536 evidentem
566 1481 670 1535 loannis
682 1481 847 1534 autoritatem
858 1481 943 1552 pessit
957 1481 1051 1552 excipi.
1087 1482 1191 1534 Atrero
1210 1497 1276 1552 quae
1293 1499 1327 1535 ex
1345 1482 1407 1535 aliia
1426 1483 1508 1536 trihu

344 1567 512 1638 evangelistis
524 1573 614 1620 contra
624 1565 692 1620 hano
704 1567 852 1638 opinionem
863 1565 1033 1631 adducuntur,
1045 1566 1117 1620 nullo
1129 1568 1236 1637 negotio
1246 1568 1430 1622 concilientur.
1455 1567 1508 1621 Pri·

343 1669 414 1706 marn
427 1653 496 1705 enim
508 1651 546 1705 illi
558 1653 625 1705 diem
637 1667 789 1721 azymorum
799 1656 894 1704 vocant
910 1667 969 1705 eanr
984 1651 1096 1718 scilicet,
1113 1651 1186 1705 cuius
1202 1653 1228 1704 in
1239 1669 1377 1723 vesperam
1394 1651 1509 1723 paschae

344 1737 480 1792 celebritas
498 1743 524 1790 et
540 1753 692 1806 azymorum
708 1737 812 1789 initium
829 1737 982 1801 incurreret,
1003 1737 1093 1807 utique
1110 1753 1144 1790 ex
1160 1738 1219 1808 lege
1234 1737 1420 1809 maiorumque
1437 1755 1508 1808 prae·

344 1823 454 1893 script03
472 1821 541 1892 quod
559 1821 766 1875 animadvertens
783 1820 866 1874 Lucas
882 1822 1022 1892 prudenter
1039 1823 1145 1886 adiecit,
1162 1819 1186 1873 ἐν
1202 1815 1219 1892 ᾔ
1236 1817 1283 1874 ἔδει
1300 1822 1413 1890 δυέσδκι,
1435 1825 1509 1896 qnasi

344 1905 450 1962 Scribas
462 1923 493 1960 ao
503 1906 656 1960 Pharisaeos
669 1907 773 1977 oblique
785 1911 899 1972 notaret,
916 1907 961 1978 qni
977 1904 1001 1958 tv
1012 1901 1028 1979 ὴ
1043 1907 1087 1960 οὐκ
1098 1904 1146 1960 ἔδει
1157 1905 1372 1962 sacrificaverant
1396 1909 1509 1962 Adiciet

345 2009 510 2048 communem
522 1991 589 2046 hanc
600 1991 837 2064 interpretationem
849 1993 995 2046 coniectura
1006 1993 1052 2046 illa
1066 1999 1167 2058 nostra,
1185 2009 1263 2064 quana
1280 1999 1358 2047 antea
1373 1997 1508 2064 proposui·

344 2097 417 2149 mue,
430 2078 558 2133 eiusmodi
568 2083 631 2132 tunc
642 2077 725 2130 tuisse
736 2077 911 2130 celebritatem
921 2076 1065 2148 paschatis,
1078 2082 1108 2132 ut
1119 2093 1178 2132 cum
1189 2085 1354 2150 praepostere
1367 2095 1399 2133 ae
1410 2085 1508 2151 paren-

345 2165 405 2219 bate
417 2183 434 2219 a
446 2165 556 2218 concilio
568 2162 748 2218 denuntiatum
761 2167 843 2227 esset,
859 2168 937 2232 atque
951 2164 1030 2216 etiam
1041 2163 1079 2216 illi
1090 2163 1200 2217 tonnae
1211 2165 1392 2235 praestitutam
1406 2181 1508 2219 neoma-

345 2252 417 2304 niam
432 2249 616 2321 peechatisque
633 2248 701 2300 diem
718 2247 904 2313 retexuissent,
922 2249 1038 2318 plerique
1058 2265 1119 2302 curn
1134 2247 1236 2303 Ghrieio
1252 2257 1278 2303 et
1293 2251 1422 2320 apostolia
1443 2251 1506 2304 diem

344 2337 418 2390 illum
431 2335 621 2390 observandum
632 2333 790 2404 putaverint,
809 2347 860 2401 quo
877 2333 949 2402 priua
965 2339 990 2386 et
1002 2334 1106 2406 quidem
1117 2335 1232 2404 legitime
1244 2339 1362 2406 tempore
1373 2335 1463 2389 iuerat
1471 2338 1507 2390 in·

346 2421 457 2484 dictum,
473 2435 558 2490 neque
569 2435 665 2472 ranam
680 2418 753 2470 illam
765 2418 949 2487 magistrorum
959 2418 1166 2473 retractationem
1178 2422 1329 2474 curaverint.
1352 2419 1395 2474 Ex
1408 2439 1461 2492 quo
1472 2421 1507 2475 ia·
1607 2453 1608 2462 ι

346 2511 416 2559 ctum
429 2506 464 2558 sit
474 2510 504 2558 ut
515 2502 626 2574 apostoli
638 2509 728 2573 perata
739 2502 808 2574 apud
819 2503 894 2555 illum
905 2500 1034 2574 hospitem
1046 2505 1133 2558 omnia
1144 2507 1292 2576 repererint.
1607 2555 1608 2560 ,

413 2587 616 2659 Συλλκρβᾶνετκι
628 2587 655 2640 u
666 2591 695 2658 τῇ
707 2586 796 2658 τρίτῃ]
814 2587 871 2640 lam
882 2585 945 2640 haec
957 2587 1044 2642 facilia
1053 2594 1126 2654 sunt,
1137 2591 1267 2644 intellecta
1278 2592 1359 2646 semel
1370 2591 1507 2664 Epiphauii
1607 2627 1608 2672 q

346 2675 483 2729 sententia.
502 2673 658 2744 Quanquam
668 2673 832 2727 librariorum
845 2673 923 2742 culpa
934 2673 1060 2742 quaedam
1072 2680 1134 2727 sont
1145 2681 1269 2746 concepta
1278 2693 1417 2748 perperam
1426 2699 1434 2742 3
1444 2695 1507 2749 quae
1607 2675 1608 2700 ³

346 2779 380 2814 ex
393 2761 580 2832 diagrammate
592 2758 745 2829 corrigenda
758 2764 826 2811 aunt.
850 2755 988 2811 Caeterum
999 2755 1110 2830 ὴμερυὴν
1122 2775 1180 2816 eam
1191 2762 1280 2815 lunam
1290 2768 1379 2828 vocet,
1396 2780 1466 2834 quaa
1476 2764 1507 2817 ei·

346 2847 431 2900 viliter
442 2847 475 2900 ab
488 2851 545 2898 ortu
557 2845 619 2898 solis
632 2843 665 2897 ad
677 2859 798 2898 occasum
810 2842 973 2914 perducitur;
985 2841 1119 2915 νυκτερινὴν
1128 2861 1187 2900 raro
1197 2863 1264 2918 quae
1275 2855 1381 2902 nocturn
1391 2855 1507 2920 occupet

347 2931 404 2996 Qua
416 2949 448 2984 ex
461 2931 641 2986 observatione
654 2934 790 3000 corruptae
801 2929 920 2982 lectionis
931 2929 1025 2982 vitium
1041 2945 1087 3000 per
1103 2947 1160 2984 aeae
1171 2932 1294 3002 proditur.
1318 2933 1411 2988 Scribe
1423 2937 1508 3006 igitur,
1607 2951 1608 2988 ι

346 3023 437 3072 autore
448 3016 572 3088 Keplero,
585 3015 683 3086 πέμπτη
695 3011 875 3086 τριςκαιδεκᾶτὴ
888 3012 1023 3084 νυκτερινὴ,
1035 3011 1133 3084 ὴρερινὴ
1143 3013 1169 3068 δὴ
1179 3015 1313 3084 δωδεκάτη.
1332 3018 1409 3083 Quod
1422 3023 1508 3091 utique
1607 3063 1608 3088 ,

346 3104 523 3157 necessarium
535 3109 585 3166 est,
602 3101 625 3154 si
638 3095 720 3170 τετρδς
732 3099 812 3153 inerit
823 3096 949 3164 δωδεκάτη
962 3099 1093 3170 νυκτερινὴ.
1127 3100 1193 3154 Nam
1204 3099 1253 3156 hue
1264 3103 1316 3157 sihi
1326 3104 1443 3160 inuicem
1455 3123 1509 3160 suc-
1607 3089 1608 3116 ³

346 3190 454 3254 cedunt,
470 3193 500 3242 ut
515 3204 582 3257 qnae
593 3183 715 3257 νυκτερινὴ
726 3183 805 3238 tuerit
816 3184 862 3238 fiat
874 3181 981 3254 ὴρερινὴ.
1019 3183 1115 3238 Netum
1133 3187 1202 3240 enim
1218 3193 1258 3240 est
1273 3186 1385 3243 ludaeos
1404 3207 1421 3244 a
1436 3197 1508 3246 nnete
1607 3177 1608 3242 ζ

347 3275 416 3328 diem
427 3273 564 3344 auspicari.
597 3270 710 3336 Deinde,
728 3267 901 3342 προσάββατον
918 3268 1161 3340 τεσσαρεςκαιδεκάτὴ
1178 3271 1298 3343 νυκτερινὴ
1316 3275 1365 3344 orph
1378 3277 1508 3349 δεκατριῶν
1607 3277 1608 3306 ³

346 3359 408 3412 lieu.
444 3357 512 3412 Nam
523 3357 641 3429 superior
653 3357 707 3410 dieo
720 3355 767 3426 aph
780 3352 965 3426 δεκατεσσάρων
977 3355 1030 3407 iam
1041 3354 1139 3410 habuit.
1175 3357 1240 3412 Item
1251 3355 1377 3428 σάββατον
1389 3379 1509 3416 πεπτω.
1607 3385 1608 3394 2

348 3443 436 3510 δεκάτη
449 3443 579 3513 νυκτερινὴ.
614 3439 681 3495 Nam
694 3441 725 3494 de
736 3439 851 3494 Nicaeae
862 3440 926 3494 lona
938 3440 1059 3510 loquitur,
1076 3457 1130 3494 non
1145 3441 1177 3495 de
1194 3443 1305 3496 Iudaica.
1338 3443 1414 3510 Quae
1427 3449 1509 3502 omnia
1607 3453 1608 3476 ¹

347 3547 381 3584 ex
393 3529 519 3600 superiori
528 3527 654 3582 laterculo
666 3526 806 3597 repetenda
816 3531 886 3580 eunt.

415 3613 608 3683 Ἐκιρώσκουτκ
619 3611 741 3682 adpraei]
770 3609 820 3675 Qui
835 3611 904 3664 hunc
920 3609 1057 3682 Epiphanii
1074 3613 1162 3666 lecum
1176 3614 1313 3682 percurrit,
1331 3615 1472 3687 diligenter
1487 3621 1510 3674 id
1607 3599 1608 3606 ὴ

347 3699 551 3754 animadvertere
561 3698 637 3751 debet
648 3696 717 3768 quod
729 3697 856 3767 superiori
864 3695 1046 3750 dissertatione
1057 3698 1162 3768 copiose
1172 3699 1296 3752 traditum
1308 3705 1362 3766 eet,
1374 3701 1444 3757 talea
1452 3705 1512 3759 hnc

348 3803 406 3840 esse
418 3801 484 3856 quae
496 3784 527 3836 de
541 3783 606 3836 luna
622 3783 742 3835 dicuntur
757 3782 846 3835 omnia
863 3787 891 3834 et
906 3797 938 3834 ax
951 3781 1089 3852 Epiphanii
1101 3781 1305 3838 hallucinatione
1321 3787 1454 3856 proiecta3
1471 3793 1513 3862 qui

348 3871 541 3942 aequinoctium
554 3886 570 3922 u
582 3885 643 3922 xxv.
651 3867 739 3920 Martii
751 3866 784 3919 ad
795 3883 874 3932 rara,
890 3867 1063 3937 plenilunium
1075 3885 1135 3921 vero
1147 3869 1181 3922 ab
1193 3869 1285 3924 eadem
1295 3888 1359 3926 xxv.
1371 3871 1415 3928 die
1426 3891 1461 3928 ex
1472 3875 1514 3930 Ni-
1607 3937 1608 3946 ρ

348 3973 431 4010 caena
441 3956 565 4020 iormula,
581 3953 623 4006 vel
639 3951 726 4023 potius
741 3968 839 4006 axxrr.
852 3951 956 4022 perinde
969 3951 1001 4005 ad
1013 3969 1079 4007 xarr.
1091 3955 1257 4008 transtulerit.
1291 3954 1348 4020 Quo
1366 3961 1456 4029 posito
1474 3979 1513 4032 eq-
1607 4019 1608 4042 ρ

348 4044 447 4095 clornm
460 4041 576 4095 omnium
589 4055 618 4092 ao
629 4037 753 4091 feriarum
770 4037 896 4090 rationem
914 4037 1073 4108 permiscuit.
1103 4038 1174 4102 Quae
1193 4057 1307 4110 quonam
1323 4049 1402 4113 paeto
1421 4049 1515 4118 corrigi
1607 4051 1608 4060 ¹

348 4133 468 4198 possent,
481 4131 507 4180 et
517 4127 544 4180 in
556 4127 625 4179 uam
637 4123 670 4176 ah
682 4139 768 4176 urere
781 4121 884 4187 deduci,
897 4139 976 4194 supra
987 4123 1182 4180 declaravimus.
1205 4125 1288 4196 lgitnr
1299 4143 1333 4181 ex
1345 4133 1387 4181 tot
1398 4146 1514 4186 errorum

349 4213 510 4283 argumentis
521 4217 584 4266 nata
596 4215 636 4263 est
644 4209 738 4263 vitiem
748 4208 867 4262 illaleria
879 4224 947 4262 anno
956 4208 1057 4263 iuliano
1066 4227 1168 4275 arura,
1179 4209 1229 4264 hoc
1238 4219 1278 4265 est
1286 4211 1421 4268 dominica
1428 4217 1514 4272 hiartii
1607 4225 1608 4230 ’

349 4315 429 4363 τιτι,
445 4313 505 4351 cum
517 4312 605 4350 revera
617 4300 687 4348 esset
696 4293 762 4348 feria
772 4313 797 4350 r.
824 4291 1017 4363 Ἐπιρώτκουσα
1029 4311 1091 4364 ergo
1103 4295 1204 4366 κυριακὴ
1216 4297 1306 4351 lunam
1317 4297 1412 4354 habuit
1422 4319 1467 4358 xr.
1479 4303 1514 4356 di·

349 4399 450 4437 urnam
481 4383 529 4436 Hic
540 4380 714 4451 {acquiesceret
724 4380 827 4452 proprie
840 4379 959 4432 sumitur.
991 4379 1092 4450 Quippe
1103 4398 1169 4436 τιτι.
1182 4381 1223 4435 die
1235 4382 1269 4436 ab
1281 4389 1340 4437 ortu
1351 4386 1417 4440 solia
1430 4390 1513 4459 eoepit

349 4485 393 4522 xv.
406 4468 506 4522 diurna.
535 4467 608 4521 Unde
620 4463 719 4537 ὴρερινὴ
731 4482 777 4536 pro
790 4463 912 4534 νυκτερινὴ
924 4465 1115 4519 substituimus.
1140 4467 1263 4540 Alioquin
1274 4467 1290 4535 ὴ
1303 4469 1406 4542 rupturi
1418 4489 1462 4526 xv.
1473 4493 1511 4524 νυ-

351 4551 443 4622 κτερινὴ
456 4553 614 4623 dicipotest,
630 4551 653 4604 si
669 4551 725 4604 eius
741 4551 844 4604 initiuru
860 4549 893 4604 ab
909 4549 1076 4604 antecedente
1087 4556 1165 4605 nocte
1180 4559 1322 4624 reputatur.
1355 4555 1450 4628 Neque
1460 4575 1510 4610 ror

351 4635 524 4708 ἐκιρώτκουτκ
533 4637 671 4708 quicquam
681 4635 779 4700 obstat3
791 4650 858 4704 quae
868 4651 993 4706 persaepe
1001 4635 1033 4688 de
1043 4635 1208 4692 illucescente
1219 4639 1273 4709 die,
1285 4655 1476 4714 nonnunquam
1486 4651 1509 4697 et
