3274 5154
320 383 447 441 mcxvi

320 539 389 610 quod
400 541 674 610 aogmatatadenee,
692 541 740 596 boo
757 548 798 596 est
811 541 989 597 ieiauhultra
1000 559 1098 598 ansam
1106 543 1289 614 propaganda,
1306 560 1380 609 aum,
1396 549 1429 598 at
1441 561 1475 600 aa

319 623 427 680 infinitis
437 631 553 679 veterum
565 628 720 682 testimoniis
732 633 845 693 constat,
862 629 894 681 ad
910 630 993 682 solem
1009 645 1131 683 oceanum
1146 645 1230 699 usque
1239 629 1339 683 ieiunia
1348 629 1475 700 meduan·

320 710 379 764 rint.
405 711 457 766 Sed
467 711 538 764 aliud
549 712 667 766 videlieet
677 713 756 769 statio
766 719 807 766 eet
818 729 897 784 quam
906 713 1044 779 ieiunium,
1061 720 1088 768 et
1097 715 1196 768 ieiunia
1206 715 1363 779 andenam,
1378 715 1419 768 uti
1429 731 1477 768 nee

319 795 445 850 stationes
454 797 540 866 ipsae,
557 797 664 850 minime
680 799 749 852 nitra
764 815 861 852 nonam
876 800 1090 852 obseurabantur.
1115 798 1200 863 Quare
1211 799 1304 854 muita
1315 815 1332 852 a
1342 799 1477 854 mersa

319 881 448 952 caligata
458 882 674 936 Montanietarum
685 884 731 937 illa
740 884 843 938 novitas
854 889 908 949 est,
926 885 994 955 quod
1011 883 1136 938 auduom
1153 891 1181 937 et
1195 885 1295 938 ieiunia
1309 885 1381 950 adis,
1398 899 1478 954 qaam

219 976 241 1016 s·
250 965 294 1007 itt
320 981 388 1036 qnae
398 968 433 1020 ab
444 968 554 1022 eooloeiu
563 970 722 1040 praesoripta
733 976 831 1034 meent,
846 970 1006 1039 temporibus
1018 968 1051 1022 ad
1061 984 1197 1040 vesperem
1208 969 1385 1024 sxtmdaeut.
1411 969 1478 1024 uun

319 1051 385 1106 ieris
401 1058 494 1122 quarta
508 1058 635 1123 sataque
651 1053 685 1106 ad
700 1071 797 1108 nonam
813 1055 941 1108 duntaxat
952 1070 1131 1126 perseverum
1141 1055 1170 1108 iu
1181 1056 1292 1108 etauoue
1303 1055 1478 1109 Montaniana

320 1137 411 1191 eodem
422 1139 467 1190 illo
478 1138 543 1192 libre
555 1153 612 1209 cap.
622 1157 647 1192 a.
659 1138 764 1196 Tertull.
777 1140 885 1194 indicate
903 1140 963 1192 Nea
973 1144 1048 1212 quaa
1058 1157 1206 1210 numanus
1215 1158 1319 1203 nonan,
1330 1141 1425 1212 aequit,
1437 1145 1479 1193 eat

320 1231 345 1274 et
354 1232 448 1292 quarta
458 1224 561 1276 sabbati
572 1234 596 1276 et
605 1233 676 1277 senta
683 1226 820 1294 plurinum
825 1229 967 1294 sonpimur.
991 1225 1130 1295 Propterea
1145 1241 1206 1278 vera
1223 1226 1363 1278 ambianum
1380 1225 1478 1278 ieiunia

319 1308 366 1360 illa
376 1312 533 1360 remiiee'nnt'a
545 1309 578 1362 ab
590 1309 681 1362 eodem
692 1315 782 1362 autore
794 1311 968 1374 nominantur,
980 1325 1037 1380 oap.
1047 1327 1116 1364 ann:
1135 1309 1205 1363 ane
1216 1315 1281 1364 enies
1292 1311 1343 1378 tait
1351 1309 1477 1364 eimau

320 1391 472 1459 addices)
484 1398 601 1447 annuendo
613 1413 656 1446 nae
667 1405 692 1447 et
698 1405 805 1464 praeter
811 1395 914 1464 paaodu
926 1399 1066 1448 tentantes
1077 1399 1146 1448 cina
1154 1397 1213 1448 ittae
1224 1397 1286 1460 aueo,
1304 1396 1393 1465 quibas
1405 1396 1478 1448 obte-

321 1486 360 1532 tua
371 1487 532 1546 anteponeres,
544 1489 569 1531 et
577 1483 711 1534 uenenum
722 1483 880 1534 nauffinna
891 1485 1082 1552 tutamenta.

387 1563 439 1616 Sed
456 1564 655 1618 obscurissimae
672 1571 713 1618 est
727 1565 820 1618 iisdem
837 1565 869 1618 de
886 1566 1041 1620 eletionibus
1057 1571 1164 1636 quartae
1175 1571 1314 1636 nataque
1325 1565 1407 1620 leriae
1418 1565 1477 1620 'llar-

320 1647 422 1701 tulliam
433 1648 505 1702 lorus
517 1665 573 1720 sap.
583 1667 649 1702 arn:
668 1650 720 1702 Con
729 1651 889 1714 unitandae,
904 1651 1000 1721 inquit,
1017 1661 1135 1722 quantun
1149 1659 1280 1704 etrealaee
1290 1651 1395 1703 mbati
1405 1653 1477 1704 dieu·

320 1749 374 1784 μοι
385 1737 520 1786 οιίοίιιηίίε
529 1739 704 1803 parasceven!
732 1735 799 1788 tiam
815 1751 954 1804 paraseeve
971 1735 1033 1805 qnid
1048 1735 1117 1790 uliud
1128 1741 1169 1790 eet
1179 1751 1258 1806 quarn
1270 1740 1347 1790 eeata
1358 1737 1477 1790 sabbatii

320 1816 455 1870 Praeterea
465 1819 590 1873 ieiunium
600 1836 739 1890 paraseeve
750 1821 799 1873 soli
810 1821 912 1884 tribuit,
928 1821 1003 1890 qumi
1015 1837 1067 1874 non
1078 1827 1105 1874 et
1114 1821 1181 1874 teria
1190 1827 1284 1891 quarta
1295 1827 1324 1874 ut
1334 1821 1425 1886 statio,
1441 1822 1477 1874 ita

320 1902 445 1956 ieiunium
461 1905 568 1958 solenne
584 1905 669 1958 luerit
693 1905 776 1960 liniue
793 1907 820 1959 in
837 1907 887 1959 loci
903 1906 1112 1976 interpretatione
1128 1907 1224 1960 mimm
1239 1906 1302 1976 quid
1318 1906 1435 1960 Pamelio
1449 1907 1476 1960 ia

320 1994 434 2042 meatem
446 1991 551 2054 venerit,
563 2006 622 2044 earn
633 2005 790 2060 parasceven
802 2007 819 2043 a
830 1991 986 2045 Tertulliano
1000 2007 1068 2044 novo
1078 1991 1217 2044 abbatum
1228 1991 1354 2062 appellari
1363 1991 1477 2046 oreada

319 2073 453 2138 Sationes,
464 2075 556 2144 inquit,
569 2078 684 2145 appellat
693 2085 800 2146 quartae
811 2087 836 2130 et
844 2080 1022 2146 emerseriae
1031 2080 1137 2142 inania,
1150 2077 1321 2146 warranto
1333 2087 1417 2129 meat
1425 2077 1477 2129 tilis

321 2161 408 2214 ὀίοόοο
418 2164 527 2224 munia,
544 2179 592 2213 non
603 2165 661 2214 tren
672 2164 714 2214 die
721 2179 890 2232 pararosoer,
907 2178 972 2230 quae
986 2170 1062 2215 aaut
1076 2163 1229 2214 uoluntaria.
1262 2161 1296 2216 ut
1311 2177 1422 2216 numeru
1438 2178 1477 2215 aa·

321 2252 583 2316 quenteparaeoeoen
598 2247 636 2300 ait
647 2248 854 2309 emunitatem,
871 2250 937 2317 prod
947 2249 1099 2300 donisoe'oarn
1106 2249 1282 2316 praecederet.
1310 2248 1366 2309 an
1383 2250 1427 2300 dia
1442 2251 1477 2300 ie·

319 2335 413 2384 ioniam
422 2349 472 2400 pra
484 2336 599 2401 natuque
611 2334 736 2386 uoluntate
746 2341 873 2384 amatam
885 2341 928 2384 eet.
954 2331 1024 2386 ilibil
1037 2337 1086 2384 aut
1101 2332 1239 2386 mendino
1251 2337 1298 2386 aut
1308 2333 1378 2402 quud
1389 2349 1408 2386 a
1417 2333 1477 2386 Ter·

320 2417 420 2470 tullinui
432 2421 518 2470 mente
529 2418 616 2488 magis
626 2416 777 2470 abhorreret
787 2416 872 2470 afferri
883 2417 975 2487 potuit.
1002 2416 1115 2470 Tantum
1130 2417 1201 2470 euim
1217 2417 1292 2472 abeat
1302 2423 1331 2470 ut
1341 2417 1477 2472 Tertullia·

320 2517 370 2556 uua
381 2501 521 2555 sabbatum
531 2503 634 2554 ieiuniis
645 2501 759 2555 dicatum
770 2519 829 2556 esee
836 2502 1052 2572 pronunciaverit,
1063 2507 1094 2554 ut
1101 2501 1133 2555 de
1142 2517 1173 2555 eo
1182 2505 1271 2555 stetim
1281 2503 1333 2555 ieta
1343 2503 1478 2556 eubiiaiatr

323 2587 473 2654 Quanquam
484 2605 527 2640 ene
538 2591 614 2639 etiam
625 2588 768 2650 aabdatune,
786 2591 810 2638 ei
824 2589 937 2656 qnando,
955 2590 1119 2650 continuatio,
1137 2603 1262 2655 mnqeaas
1278 2591 1329 2639 ma
1338 2593 1367 2640 ἐκ
1375 2588 1479 2658 pareda

321 2673 843 2734 ieiunandan,eeoundnmrata'oaeaalibi
850 2674 985 2726 udaian.
1003 2671 1033 2725 st
1041 2687 1176 2742 nunquam
1183 2671 1293 2725 subbato
1301 2672 1479 2738 ieiunandum,

321 2773 373 2810 naa
385 2757 514 2809 duntaxat
524 2761 647 2826 excepto,
663 2757 792 2826 quomodo
804 2756 946 2810 dicatuma
962 2758 1030 2822 suis,
1047 2756 1153 2827 perinde
1169 2772 1200 2810 ao
1216 2755 1363 2822 anthemis,
1380 2757 1478 2812 ieiunio

321 2842 459 2895 sabbatum
467 2841 640 2894 Tertullianus
653 2842 737 2894 dicem
749 2844 849 2912 potnit?
866 2841 977 2896 Aliunde
988 2841 1068 2911 igitur
1079 2841 1228 2912 quaerenda
1238 2847 1279 2896 est
1288 2841 1339 2895 laei
1350 2843 1423 2896 illiue
1433 2859 1479 2896 ex·

319 2927 433 2998 plicatio.
450 2925 523 2991 Quae
534 2943 568 2980 aa
579 2927 707 2980 eiusmodi
716 2928 800 2996 poerit
809 2932 886 2992 οοοοί,
898 2926 1114 2982 oonsiderandum
1123 2933 1170 2982 eet.
1188 2926 1317 2980 Nimirum
1325 2927 1479 2982 Tertulliani

320 3017 449 3082 tempore,
465 3028 525 3066 enm
542 3013 666 3066 elationes
677 3012 743 3066 iuria
753 3018 846 3082 quartu
856 3017 883 3065 et
892 3017 969 3066 sexta
980 3011 1084 3077 fierent,
1103 3013 1196 3065 arubae
1212 3010 1316 3081 quidem
1333 3012 1367 3065 ad
1381 3029 1478 3067 nouam

321 3098 449 3152 duntaxat
464 3097 555 3152 horem
570 3104 725 3168 prorogatae
742 3103 816 3162 eunt,
833 3098 879 3152 eed
895 3097 961 3151 ieris
971 3103 1065 3168 quarta
1074 3099 1164 3152 statim
1175 3103 1235 3168 poet
1245 3097 1366 3152 etationia
1377 3099 1478 3152 exitum

320 3183 463 3254 horumque
474 3199 570 3237 nonam
582 3184 707 3237 ieiunium
718 3185 818 3236 solvere
829 3183 928 3236 linitum
939 3183 996 3236 init
1020 3183 1103 3238 Sexta
1112 3199 1173 3236 tero
1184 3181 1261 3247 teria,
1272 3184 1377 3253 expleto
1389 3185 1478 3238 statie·

320 3270 362 3324 nis
378 3275 508 3339 tempore,
525 3285 577 3322 uon
594 3269 683 3322 atatim
699 3267 738 3321 tas
756 3274 812 3320 orat
827 3268 909 3332 vesci,
927 3268 973 3321 aed
989 3268 1022 3320 ad
1033 3283 1169 3338 vesperum
1186 3273 1294 3321 uotum.
1328 3266 1403 3322 Unde
1414 3268 1477 3322 feria

321 3361 413 3424 quarta
424 3353 629 3419 semiieiunium,
638 3360 669 3407 ut
679 3352 853 3407 Tertullianus
864 3359 949 3417 vooat,
960 3353 1126 3407 obeerntnm
1138 3359 1185 3418 eet,
1197 3358 1273 3406 sexta
1283 3351 1419 3406 ieiuuim
1439 3353 1477 3406 Ila

321 3439 453 3492 nonnullis
464 3439 491 3492 in
502 3439 579 3503 moia,
591 3445 621 3492 ut
631 3439 708 3509 paulo
719 3444 778 3509 poet
789 3443 898 3492 testatur
908 3437 1081 3508 Epiphaniae,
1092 3438 1159 3491 ionia
1166 3438 1256 3508 quinta
1266 3438 1373 3492 muntia
1382 3436 1476 3492 bebdo-

320 3523 411 3578 madae
422 3539 483 3578 eam
493 3523 618 3577 emtiouee
629 3529 656 3577 et
666 3532 780 3592 syonen
791 3523 823 3577 ad
834 3521 926 3576 lteram
935 3539 1032 3578 nonam
1043 3524 1242 3587 eelebrarentar,
1253 3539 1306 3576 non
1316 3527 1407 3576 tamen
1417 3523 1475 3576 auls·

320 3609 380 3662 inde
388 3609 486 3662 ieiunio
494 3609 668 3664 solvebantur.
686 3609 718 3661 lit
727 3625 787 3662 vero
796 3609 905 3662 arettae
913 3609 1009 3662 ieiunio
1018 3625 1049 3662 ao
1058 3607 1217 3663 donatore
1227 3607 1314 3662 inedia
1324 3609 1476 3662 alebranda

321 3695 376 3748 dee
390 3695 539 3758 illeioorat,
557 3709 624 3763 quae
641 3693 784 3747 dominicae
800 3694 916 3762 passioni
932 3695 1070 3764 praeeipue
1087 3699 1260 3748 eoneeorotur.
1286 3692 1415 3764 liqmdem
1425 3711 1475 3747 non

320 3778 396 3832 rideo
408 3779 512 3848 quidde
523 3779 674 3832 Tertulliani
685 3779 742 3832 looo
753 3779 798 3831 illo
810 3779 860 3831 diei
870 3779 1030 3848 probabilius
1040 3779 1132 3850 poenit.
1159 3778 1215 3832 Iam
1225 3794 1287 3832 vero
1298 3795 1346 3848 per
1356 3779 1415 3834 illos
1425 3785 1475 3832 sta·

320 3866 423 3918 donum
433 3863 502 3928 dies,
519 3879 586 3933 quae
598 3879 655 3916 oum
668 3864 764 3916 ieiunio
776 3863 928 3918 mutuatae
941 3870 1026 3928 erant,
1043 3871 1134 3917 eontra
1149 3869 1227 3933 atque
1242 3863 1271 3916 in
1288 3864 1431 3918 maioribus
1441 3865 1474 3917 ie·

321 3950 399 4004 inuiis
412 3949 531 4019 reamari
542 3955 717 4013 consueverat,
729 3948 815 4002 urina
825 3949 951 4017 mysteria
960 3953 987 4002 et
994 3948 1122 4002 smrifioia
1130 3949 1329 4019 peragebantur,
1341 3948 1474 4001 distribue

321 4034 463 4106 quoqueiu
474 4033 563 4088 fideles
575 4033 741 4097 eueharisu'a3
759 4049 837 4103 quam
853 4039 941 4088 nmen
956 4049 1010 4088 non
1021 4033 1131 4088 subinde
1141 4034 1209 4087 ines
1219 4034 1316 4099 traiiei,
1334 4033 1381 4086 sed
1397 4047 1474 4086 naer-

321 4120 378 4172 rari
395 4125 511 4189 oportere
528 4119 702 4172 Tertullianus
719 4118 853 4182 admonet,
873 4118 901 4170 in
918 4119 991 4172 calae
1007 4118 1051 4172 lib.
1069 4118 1100 4172 de
1118 4117 1189 4173 Orat
1206 4117 1290 4172 donea
1306 4119 1428 4172 abanim
1442 4117 1474 4170 ait

322 4204 407 4259 antio.
432 4203 522 4274 Neque
532 4210 589 4258 tum
599 4205 811 4273 praetermissum
822 4203 923 4257 ridetur
932 4204 1005 4273 panis
1016 4203 1145 4269 aeonium,
1163 4203 1232 4272 qnod
1248 4219 1301 4257 nno
1312 4201 1425 4274 penem
1435 4201 1474 4256 die

321 4290 491 4344 communitor
502 4289 536 4343 ob
548 4290 668 4342 omnibus
680 4290 806 4342 omasum
816 4289 884 4342 idem
896 4294 986 4342 auotor
996 4288 1135 4358 signifieat
1161 4287 1214 4342 Sed
1224 4287 1257 4341 de
1266 4289 1346 4342 variis
1357 4287 1472 4342 ecelesia⁸

321 4391 379 4428 rum
395 4375 487 4429 ritibus
505 4375 612 4428 oomnis
628 4389 695 4443 qnae
709 4375 737 4428 in
748 4375 879 4444 superiore
889 4379 953 4428 nota
963 4391 997 4428 ex
1008 4374 1154 4445 Augustino
1165 4381 1193 4427 et
1202 4374 1354 4428 Innocentio
1364 4373 1472 4426 dealm-

321 4460 415 4512 rimua.
440 4459 518 4514 Plura
533 4459 565 4512 de
579 4459 630 4512 hoe
645 4460 788 4512 stationum
799 4459 851 4512 ritu
862 4459 1022 4529 antiquitutie
1033 4459 1222 4512 eooleeiestioae
1232 4459 1341 4516 studiosi
1352 4458 1471 4528 perrea

322 4559 385 4614 gare
401 4549 533 4613 poterunt,
550 4559 610 4598 oum
627 4550 654 4597 et
667 4561 716 4598 uos
731 4545 855 4614 pleraque
870 4545 988 4600 oomnlto
1005 4543 1224 4614 praeterierimus,
1242 4549 1271 4596 at
1287 4559 1319 4596 ea
1335 4545 1392 4596 sola
1408 4557 1471 4596 oom-

321 4630 491 4702 pleeteremnr
500 4645 614 4700 quorum
623 4629 770 4684 ebeouritae
780 4630 865 4686 ionem
875 4630 991 4701 utiquam
1000 4635 1105 4686 noeuae
1116 4627 1299 4702 disputem
1308 4627 1432 4702 uulgum
