3252 5158
332 362 480 422 ouxuvm

331 518 489 588 cotopitas,
505 519 533 572 iu
550 534 602 588 qua
613 517 721 586 delicata
734 519 822 574 omnia
837 518 912 574 etad
927 519 1021 574 luxum
1031 519 1102 574 iactu
1112 518 1300 584 rudebantur,
1314 518 1386 590 apud
1396 517 1494 574 sua

329 604 375 658 lib.
387 621 434 658 arr.
457 604 521 658 Vide
532 603 640 660 Suidam
652 609 678 657 et
688 603 861 678 Eustathium.
893 605 948 660 lioc
960 604 1116 659 vocabulum
1128 603 1162 658 ud
1173 601 1363 658 monac-horum
1373 601 1495 673 pluteus,

330 689 384 744 sive
396 687 483 759 μονὰς,
495 690 651 744 translatum
662 695 758 744 norunt
769 691 810 744 rel
821 691 903 760 pueri.

397 774 529 845 Γενομένου
541 774 593 828 broi
606 773 791 846 οὖολεριικνοῦ·]
814 775 928 829 Falsum.
957 774 1102 830 Constantii
1113 773 1201 829 chlori
1211 789 1296 846 genus
1307 773 1454 830 Trchdiiu
1466 773 1496 828 in

331 858 437 914 Claudio
449 861 486 916 ita
497 860 631 914 describit:
648 860 777 924 Claudios,
792 859 928 922 Quintillus
937 869 965 914 et
975 860 1081 931 anepos
1086 863 1320 930 sratnrfuerunt-
1335 859 1496 930 Orr'aprffilr'u

331 945 455 1008 Οἱουᾰίοι
473 965 504 1000 ex
519 963 550 999 eu
567 957 591 1000 et
602 937 725 1016 Eutropio
737 946 888 998 nobilissimo
895 949 977 1014 yerur'a
990 946 1135 1000 Dordnrme
1147 949 1202 1000 oa'ro
1216 945 1380 1000 Οοιιιιοιιιίυι
1391 943 1496 998 caua:

331 1040 368 1083 ert
376 1034 482 1099 penitus.
498 1030 589 1102 ltaque
602 1030 707 1084 Claudii
716 1046 762 1101 pro
779 1031 915 1085 Valeriani
924 1031 1037 1084 scribere
1048 1031 1132 1084 voluit
1141 1029 1311 1103 Epiphanius.
1334 1029 1497 1101 Quanquam

331 1116 401 1170 euim
411 1132 464 1169 nou
476 1115 558 1186 ipsius
571 1113 685 1180 Claudii,
697 1116 742 1169 scd
753 1116 809 1170 eius
820 1115 906 1170 fratris
918 1132 999 1186 nepos
1010 1115 1100 1180 inerit,
1111 1133 1128 1169 a
1139 1116 1270 1187 plerisque
1280 1121 1383 1180 tamen,
1395 1115 1442 1186 qni
1451 1115 1496 1170 rel

331 1200 482 1256 Constantio
493 1201 557 1272 ipsi,
568 1202 609 1255 rel
619 1200 802 1266 Constantino,
814 1201 901 1254 eiusro
913 1201 1023 1272 posteris
1035 1200 1216 1266 adulabantur,
1228 1202 1261 1254 ad
1269 1199 1410 1256 Claudium
1418 1201 1497 1270 origo

331 1287 433 1357 generis
450 1285 566 1341 refertur.
599 1286 665 1340 Ecce
683 1286 731 1340 tibi
746 1287 786 1340 rel
797 1286 940 1342 Trebellius
956 1287 1012 1358 ipse
1028 1287 1106 1357 paulo
1124 1291 1185 1340 ante
1196 1286 1379 1342 Constantium
1390 1283 1497 1340 Claudii

331 1383 441 1442 nepotem
451 1372 566 1443 appellat
582 1377 609 1424 et
619 1373 838 1440 Aequoraefuirse
844 1374 968 1440 santuine
984 1372 1081 1428 scribit.
1114 1371 1181 1426 Natu
1199 1378 1225 1426 et
1240 1371 1381 1443 Eutropius
1397 1369 1498 1424 mute

331 1457 432 1512 Claudii
446 1473 492 1528 per
502 1457 585 1512 filiam
601 1462 722 1526 nepotem
734 1455 914 1510 Constantium
929 1457 1005 1522 iacit,
1020 1463 1047 1510 et
1057 1457 1185 1512 Eusebius
1201 1459 1228 1511 iu
1240 1453 1383 1520 Chronico,
1399 1472 1433 1508 ac
1447 1471 1497 1526 po-

334 1551 429 1597 stremo
441 1541 556 1596 lulianus
569 1539 583 1594 b
595 1540 735 1612 παραβάτης
747 1542 774 1596 ἰιι
786 1542 886 1596 duobus
895 1541 992 1612 Paneg.
1002 1542 1147 1596 Constantii
1156 1541 1320 1596 Constantini
1329 1541 1368 1605 F..
1380 1539 1415 1595 ad
1426 1555 1497 1610 quoa

332 1628 363 1681 de
375 1625 520 1682 Constantii
532 1643 626 1697 genere
638 1627 835 1697 disputavimus.

399 1711 431 1767 N.
444 1731 473 1766 rr.
497 1711 545 1764 Σὺν
557 1716 586 1783 τῇ
598 1717 639 1764 νῦν
656 1711 798 1782 κτισθείσῃ]
833 1713 915 1766 Huius
934 1713 1058 1766 ccclesiae
1076 1713 1193 1766 meminit
1210 1710 1368 1766 Athanasius
1385 1711 1464 1784 Apol
1475 1731 1495 1766 r.

332 1797 401 1850 Nam
412 1797 481 1851 illius
494 1813 587 1850 caussa
598 1798 754 1852 calumniam
768 1799 801 1851 ab
813 1797 916 1852 Arianis
928 1813 1021 1870 passus
1033 1805 1083 1862 est,
1095 1797 1165 1868 quod
1176 1798 1320 1868 synaxibus
1331 1798 1386 1852 illio
1397 1797 1495 1852 urbm

332 1883 455 1936 encaenia
466 1884 660 1954 praevertisset,
670 1883 748 1952 idque
759 1883 921 1954 imperatoris
932 1884 1041 1938 iniussn.
1065 1880 1164 1949 Ἐπειδὴ
1173 1881 1200 1935 di
1211 1882 1251 1934 aul
1263 1882 1317 1952 περὶ
1328 1886 1372 1948 τῆς
1383 1881 1496 1952 μιγὰλιις

332 1965 460 2034 ἐκκλησίας
473 1967 649 2037 rescipiscere,
662 1965 694 2028 ὡς
707 1967 737 2035 δὴ
750 1967 868 2030 cardiaco<
877 1966 926 2021 dati
935 1968 1065 2039 γενομένης
1073 1967 1128 2039 πρὶν
1138 1965 1212 2034 αὐτὴν
1221 1967 1383 2034 ιιλιιοιθῆνοι.
1401 1967 1496 2022 Pocae

331 2053 400 2107 bunc
419 2053 530 2106 cundem
543 2051 670 2124 ἐπώνυμον
687 2054 831 2109 Constantii
847 2055 923 2107 riuos
941 2054 1065 2124 appellat,
1083 2069 1176 2124 nempe
1193 2055 1262 2124 quod
1279 2052 1410 2106 Caesarea
1427 2051 1497 2106 diota

332 2139 377 2204 sit,
393 2139 490 2208 alioqui
501 2137 715 2192 Constantianam
728 2140 861 2194 basilicam
873 2141 1034 2194 nominatam
1051 2138 1194 2203 crederem,
1209 2138 1261 2192 nisi
1277 2138 1349 2208 prius
1365 2137 1433 2192 illud
1448 2155 1495 2191 no·

331 2241 392 2278 uren
402 2223 527 2278 indicaret
537 2223 704 2294 Epiphanius.
728 2224 780 2278 Sed
791 2225 859 2279 hanc
869 2226 1005 2280 basilicam
1017 2226 1080 2279 olim
1091 2222 1230 2294 'Abpcuv'or
1241 2223 1401 2294 appellatam
1412 2222 1496 2276 inimo

331 2315 439 2363 testatur
445 2331 452 2374 ;
463 2310 529 2363 iorte
542 2309 611 2379 quod
622 2309 655 2362 ab
667 2310 780 2364 Adriano
793 2317 885 2364 erecta.
920 2310 1071 2365 Cuiusmodi
1082 2309 1208 2379 templum
1219 2307 1282 2362 illud
1293 2307 1345 2362 init
1356 2307 1494 2362 'tiberiade

332 2395 365 2448 ab
377 2394 468 2448 eodem
479 2395 634 2465 imperatore
646 2395 777 2449 conditum
790 2396 858 2466 quod
871 2393 1028 2464 ’λδριιάνιιον
1040 2395 1181 2457 vocabant,
1191 2392 1311 2464 quodque
1322 2391 1436 2464 lorepbo
1445 2391 1494 2446 Co·

332 2481 394 2532 mite
406 2479 433 2532 in
445 2480 580 2534 ecclesiam
592 2485 720 2533 mutatum
733 2481 823 2534 scribit
833 2481 908 2536 itaer.
919 2497 981 2536 ux.
995 2498 1020 2533 n.
1031 2497 1076 2534 nar.
1108 2479 1149 2533 Ex
1161 2495 1213 2549 quo
1224 2478 1304 2532 videri
1315 2482 1405 2550 potest
1415 2478 1495 2532 etiam

332 2562 380 2617 hoc
401 2565 458 2618 loco
478 2563 635 2634 Ἀδρειάνειον
656 2565 801 2634 legendum.
836 2565 972 2620 Castorum
989 2565 1130 2619 Adrianum
1148 2563 1236 2619 titulos
1253 2564 1280 2616 in
1298 2564 1424 2633 operibns
1440 2579 1495 2618 non

332 2665 436 2702 amasse
447 2649 533 2722 prodit
543 2650 570 2703 in
582 2650 637 2703 eius
651 2651 703 2704 rita
714 2649 876 2720 Spartianus.

400 2733 534 2806 Γρηγυρίου
547 2739 590 2787 τοῦ
603 2734 777 2802 Μιλητιοινοῦ]
797 2735 950 2806 Gregorium
963 2734 1143 2806 Cappadocem
1153 2734 1287 2804 intelligit,
1299 2735 1345 2804 qui
1355 2751 1391 2786 ex
1403 2734 1493 2788 seue

333 2817 416 2874 chenu
432 2819 532 2888 synodo
550 2821 733 2875 Alexandriam
751 2821 847 2875 missus
864 2827 890 2874 et
901 2821 1043 2875 Athanasio
1061 2820 1177 2890 deposito
1197 2835 1332 2874 succoesor
1349 2819 1429 2874 datus
1446 2825 1493 2874 eat.

333 2905 384 2958 Sed
396 2905 463 2958 idem
475 2911 565 2976 postea
576 2907 603 2958 in
613 2907 760 2961 sardicensi
768 2907 878 2962 concilio
890 2907 1007 2960 reasons
1019 2908 1046 2960 in
1058 2905 1186 2969 ordinem,
1198 2903 1356 2974 Athanasius
1366 2921 1430 2958 raro
1439 2903 1493 2958 sedi

333 3005 394 3044 snae
405 2991 546 3044 restitutus.
569 2991 721 3062 Quanquam
734 2992 852 3045 Socrates
865 2997 891 3044 et
902 2991 1062 3046 sozomenus
1075 2990 1239 3060 Gregorium,
1252 2990 1321 3060 quod
1333 2989 1492 3044 Arianornm

333 3091 451 3130 caussam
463 3093 554 3147 parum
567 3082 671 3131 strenue
681 3083 858 3148 promoveret,
870 3077 903 3130 ab
916 3076 1018 3130 Arianis
1029 3077 1093 3147 ipsis
1105 3080 1232 3130 remotum
1244 3080 1373 3130 assuunt.

399 3159 491 3213 Ἄλλοι
503 3159 584 3213 δέελον
596 3161 713 3231 πλείους]
746 3163 866 3218 Theonoe
883 3162 978 3216 dictam
995 3161 1130 3216 ecclesiam
1148 3159 1263 3215 condidit
1273 3159 1434 3226 Alexander,
1451 3160 1492 3216 cui

246 3287 251 3300 .
300 3287 307 3299 .
332 3247 456 3302 successit
467 3246 636 3313 Athanasius,
652 3255 682 3301 ut
693 3249 767 3319 Apol.
780 3250 863 3318 prima
874 3253 984 3302 testatur
995 3248 1059 3318 ipae.
1092 3247 1126 3300 At
1141 3252 1241 3317 praeter
1256 3247 1336 3311 isias,
1354 3261 1423 3317 quas
1435 3245 1492 3318 lipi-

331 3333 443 3404 phanius
454 3338 584 3398 succussi,
595 3334 646 3388 alia
656 3333 706 3387 iuit
717 3333 732 3400 ly
744 3333 882 3404 καλουμένη
895 3333 991 3405 κυρίου,
1004 3335 1108 3395 ustor,
1120 3347 1167 3402 pro
1180 3347 1230 3400 qno
1242 3331 1352 3386 Latinus
1364 3332 1493 3403 interpres

336 3417 440 3480 Querar·
450 3414 570 3483 reddidit,
583 3419 658 3488 quasi
670 3425 738 3472 esset
750 3418 858 3488 Κυρίνου.
893 3419 977 3472 Locus
988 3417 1067 3471 estin
1078 3417 1159 3487 Epist.
1170 3416 1203 3469 ad
1214 3417 1351 3471 Solitarios
1362 3417 1493 3488 pomosa

400 3499 524 3562 Ἕκαστος
537 3501 563 3554 δὲ
575 3504 668 3555 τούτων
681 3504 776 3570 δῆλον]
805 3503 867 3574 Lsg.
880 3505 946 3558 iorte
958 3503 1033 3568 δῆλον
1045 3500 1089 3554 ὅτι.
1113 3501 1191 3556 Porro
1203 3503 1229 3555 in
1241 3503 1354 3572 singulm
1366 3502 1401 3555 iis
1413 3503 1494 3556 cocle·

334 3589 379 3642 slis
391 3587 500 3658 quilibet
510 3588 644 3658 presbyter
655 3590 769 3659 privatas
781 3605 894 3658 synaxes
906 3588 1007 3659 agebat.
1026 3587 1077 3642 Sed
1090 3603 1148 3641 cum
1158 3585 1293 3641 Athanasii
1304 3602 1386 3658 opera
1396 3601 1496 3658 magna

332 3672 415 3726 indies
427 3670 460 3725 ad
472 3673 607 3726 ecclesiam
621 3676 733 3727 accessio
745 3675 831 3740 fieret,
843 3676 952 3728 arctiora
963 3674 1009 3728 illa
1019 3673 1117 3744 templa
1128 3689 1184 3726 esse
1196 3677 1347 3742 coeperunt,
1360 3671 1429 3726 adeo
1440 3673 1494 3743 qui·

333 3759 391 3811 dem
403 3763 433 3810 ut
442 3757 470 3810 in
482 3757 639 3828 synaxibus,
658 3775 722 3830 quae
735 3759 947 3829 quadragesimae
957 3765 1074 3828 tempore
1085 3758 1193 3822 iiebant,
1208 3757 1325 3828 plerique
1338 3757 1366 3810 in
1378 3757 1496 3812 coniecta

331 3843 408 3896 turba
418 3843 605 3913 propemodum
616 3843 673 3897 elisi
685 3860 716 3896 ac
728 3845 867 3916 praelocati
878 3843 985 3898 luerint:
1002 3841 1027 3894 ἐν
1043 3845 1096 3904 τοῖς
1114 3841 1223 3904 συνάξειν
1233 3845 1276 3909 τῆς
1287 3845 1495 3912 ιεοοορκκοοκῆς,

332 3929 378 3982 ubi
390 3929 515 3998 interpres
528 3927 597 3980 diod
609 3943 690 3998 agens
702 3931 862 3982 Pentecosten
874 3929 957 3982 uertit.
988 3928 1047 3984 ldeo
1060 3929 1086 3982 in
1098 3927 1214 3999 paschali
1224 3927 1375 3982 celebritate
1386 3927 1497 3998 pervicit

333 4014 458 4084 populus,
470 4013 536 4068 utin
549 4014 641 4067 maiori
651 4013 696 4066 illa
708 4015 829 4078 ecclesia,
846 4030 925 4084 quam
937 4012 1090 4066 Caesaream
1102 4011 1242 4078 vocabant,
1259 4013 1364 4066 umemi
1377 4012 1496 4067 dedicata

333 4098 448 4152 noudum
461 4105 543 4164 esset,
561 4100 669 4169 synaxis
685 4099 770 4164 fieret,
787 4099 819 4152 ad
831 4113 939 4168 eamque
951 4115 982 4152 ex
997 4099 1118 4152 omnibns
1129 4097 1243 4152 ecclesiis
1255 4097 1344 4151 iidelas
1357 4113 1495 4152 concurre-

331 4190 398 4238 rent.
421 4183 514 4238 Narrat
523 4184 550 4238 id
561 4183 719 4238 Athanasius
731 4185 804 4254 Apol.
815 4202 832 4237 r.

401 4265 488 4321 Ἄλλοι
500 4267 526 4322 et
538 4269 682 4340 liuprbrq]
704 4269 753 4334 Qui
764 4270 797 4322 ab
811 4269 957 4322 Alexandro
970 4269 1003 4322 ob
1016 4268 1139 4322 Αιὶκιιιιιι
1150 4266 1285 4338 perfidiam
1297 4268 1397 4322 eiectus
1408 4269 1444 4322 ab
1455 4285 1495 4322 ec·

333 4355 412 4408 clesia
429 4353 582 4424 aGregorio
597 4355 625 4408 in
637 4354 772 4408 Athanasii
786 4353 873 4406 iocum
890 4353 989 4406 intruso
1007 4353 1039 4406 ad
1056 4353 1150 4406 lulium
1168 4367 1262 4422 papam
1279 4352 1375 4406 missus
1393 4363 1450 4418 est,
1466 4363 1496 4406 ut

333 4441 442 4510 ipsemet
452 4439 532 4493 Iulius
544 4440 570 4492 in
582 4439 692 4510 epistola
702 4443 820 4503 testatur,
832 4453 910 4508 quam
923 4439 949 4490 iu
963 4437 1035 4509 Apol.
1045 4455 1072 4491 rr.
1084 4437 1221 4506 descripsit
1233 4435 1400 4492 Athanasius.

400 4523 446 4576 Καὶ
458 4523 504 4594 γὰρ
515 4522 528 4577 ὅ
538 4523 678 4584 Κόλλουθος
688 4521 757 4594 truh]
787 4523 907 4576 Meminit
922 4521 998 4576 huius
1010 4523 1118 4591 epistola
1129 4522 1262 4590 synodalis
1274 4522 1307 4574 ab
1318 4523 1493 4578 Alexandrino

334 4611 441 4666 concilio
458 4611 486 4664 in
500 4625 594 4665 caussa
608 4607 744 4663 Athanasii
759 4609 855 4678 scripta
871 4608 940 4680 apud
956 4607 1064 4663 eundern
1075 4605 1200 4661 Athenas.
1217 4607 1289 4678 Apol
1300 4625 1329 4664 u.
1363 4607 1412 4662 llio
1434 4623 1492 4662 cnm
