3252 5158
1197 372 1283 430 OGLV

124 539 155 584 'so
166 528 274 584 minime
283 529 403 600 legitimo
413 533 530 601 tempore
540 529 718 599 iungerentur.
752 525 826 592 uus
835 527 907 581 enisu
918 533 959 582 set
968 529 1019 582 ists
1029 529 1110 594 rstio,
1127 534 1173 582 sut
1183 528 1244 598 quid
1256 529 1284 582 iu

124 623 238 671 mentem
249 613 394 686 lipipssnio
405 615 489 680 veuit,
504 621 535 667 ut
549 614 583 668 sb
598 615 725 686 apostolis
737 613 907 668 coustitutum
923 613 993 666 istud
1009 620 1149 679 ssssreret,
1165 619 1283 684 oportere

125 699 284 754 cnnsnsnos
295 717 386 754 omnes
403 717 434 753 so
445 699 488 752 τὀν
500 698 580 752 πάντα
591 700 685 770 κόσμον
697 715 757 752 oum
768 699 885 752 reontitis
895 697 993 768 pessis
1008 698 1111 752 isosrei
1139 698 1223 752 Nimis
1233 696 1284 751 hoe

124 785 265 840 sbsurdnm
276 784 407 839 demotum
417 785 519 839 inisset.
544 783 602 838 Non
614 799 742 855 negemus
754 784 855 854 aliquot
865 784 958 837 ssitem
969 785 1102 854 apostolos
1112 784 1187 838 initio
1198 783 1231 836 sd
1242 782 1284 837 Iu·

124 870 248 924 dseornm
260 887 288 924 se
299 876 402 940 tempus
419 870 645 934 soeommodusse,
662 869 733 940 quod
749 869 781 922 de
796 867 894 923 Iosnne
909 867 1067 939 Polyosrpue
1084 875 1111 922 et
1126 868 1284 938 Polyorstse,

123 957 283 1026 ssissioiqoe
300 971 391 1010 omues
408 961 499 1010 ooutrs
515 955 648 1010 Romsnoe
665 954 802 1026 pontifices
819 954 940 1024 excipere
957 954 1088 1019 solebsnt,
1111 961 1140 1007 ut
1155 953 1284 1007 Eusebius

123 1041 218 1110 siiiqne
230 1047 331 1094 veteres
343 1045 480 1094 testentur,
503 1041 599 1094 Verum
614 1040 642 1094 id
652 1040 706 1094 uiis
717 1039 902 1094 eonsunnone
913 1038 1049 1094 definitum
1058 1040 1093 1093 sb
1104 1039 1228 1110 spostoiis
1239 1055 1284 1092 ns·

123 1139 219 1196 gemus
231 1127 346 1182 omnino.
381 1124 451 1189 Quin
465 1126 553 1197 potius
565 1125 725 1180 ooutrsrium
736 1125 771 1178 sb
780 1123 874 1178 iisdem
883 1124 937 1178 iliis
948 1130 1051 1178 constet
1060 1124 1142 1178 inisse
1152 1123 1284 1178 trsditnm

117 1210 204 1265 (iuius
216 1211 377 1282 παραδόσεως
388 1211 508 1266 meminit
518 1210 646 1265 Eusebius
657 1211 702 1264 lib.
711 1227 735 1262 v.
746 1209 843 1264 Hister.
856 1225 913 1280 usp.
922 1227 998 1266 unu.
1025 1207 1163 1264 Nemeum
1175 1209 1286 1264 dixisset

123 1296 235 1350 Asianos
246 1294 274 1348 ία
285 1296 445 1366 παραδόσεως
459 1295 564 1366 ἀρχαίας
580 1313 635 1351 nr.
649 1295 712 1350 lune
727 1293 832 1349 iodsioo
848 1311 921 1349 more
936 1293 1033 1366 psschs
1047 1296 1194 1366 peregisse,
1211 1293 1285 1365 ὁποίᾳ

124 1378 147 1434 δ’
157 1380 186 1434 ἂν
194 1379 274 1452 ἡμίρα
283 1384 324 1448 τῆς
333 1377 469 1451 ίβδορίδος
478 1379 663 1452 reponendum,
676 1381 766 1434 subdit
776 1397 840 1434 mox
850 1381 879 1434 in
889 1381 997 1434 oseteris
1009 1381 1130 1434 omuibus
1141 1397 1187 1450 per
1195 1380 1285 1434 orbem

123 1466 241 1521 eooiesiis
252 1463 277 1526 ίξ
289 1465 453 1532 ίποοοολαῆς
464 1465 624 1536 repudium:
640 1467 797 1520 eontrarium
813 1465 895 1520 inisse
910 1465 1133 1520 consuetudinem.
1165 1465 1285 1520 Soorstes

123 1568 185 1604 vero
196 1551 272 1605 libs,
286 1565 342 1621 cop.
352 1567 417 1605 un.
428 1551 518 1605 scribit
528 1551 776 1605 Tesssresdeostitss
788 1551 883 1605 isotsre
900 1568 929 1604 se
945 1551 1102 1606 eelebritstis
1116 1567 1178 1605 ense
1188 1552 1285 1605 formu·

123 1637 176 1690 ism
185 1652 203 1689 s
211 1636 308 1690 iosuue
317 1635 451 1701 didicisse,
462 1637 694 1692 coutrsRomsuos
705 1641 733 1690 et
743 1635 915 1691 occidentales
927 1651 1018 1690 omnes
1030 1652 1106 1690 susm
1117 1637 1168 1690 sibi
1178 1637 1212 1690 sb
1223 1651 1285 1707 spo·

121 1721 252 1776 stolorum
261 1720 421 1791 principibus
432 1721 553 1776 inditum
565 1737 689 1778 aserere
710 1719 779 1774 Ἀλλ’
791 1721 869 1782 oddus
881 1721 925 1792 μίν
936 1721 1029 1774 τοίνυν
1041 1719 1165 1792 ἔγγραφον
1176 1717 1227 1792 ἔχει
1238 1737 1284 1774 πο-

123 1811 226 1877 ραοχοῑν
238 1804 280 1872 τὴν
293 1805 452 1876 περὶτούτων
469 1802 597 1868 ἀπόδειξιν.
633 1805 717 1870 Quem
734 1807 843 1863 esndem
854 1807 925 1861 Petri
938 1823 969 1860 so
980 1806 1053 1860 Psuii
1066 1807 1232 1860 traditionem
1243 1823 1285 1861 es·

121 1889 214 1946 melici
224 1892 252 1944 in
263 1889 399 1946 Britsnuin
410 1898 500 1946 oooirs
512 1891 605 1946 Sootos
617 1893 754 1962 urgebant.
776 1893 841 1946 Vide
852 1891 950 1946 Bsdsm
961 1893 1250 1963 iib.m.Histor.Ang1.

192 1973 252 2029 Ὅτι
261 1974 306 2046 κᾷν
315 1993 341 2028 rs
351 1975 514 2044 πλανηίῶος]
530 1975 561 2030 Si
572 1977 612 2030 vei
623 1977 775 2032 sberrantee
786 1979 857 2040 ilios,
869 1979 915 2047 qui
925 1976 1028 2032 iudsioe
1039 1977 1216 2042 oelsbrsbsnt,
1227 1979 1285 2032 imi·

121 2062 173 2118 turi
185 2059 277 2116 iubent
286 2062 411 2132 spostoli‚
427 2067 498 2116 reete
513 2061 539 2114 id
554 2061 588 2116 uh
599 2061 725 2116 Audiunis
737 2063 844 2116 siistum
856 2069 895 2116 est
906 2062 939 2115 ed
950 2063 992 2116 sni
1002 2079 1033 2116 so
1044 2063 1143 2117 iudsioi
1152 2062 1285 2134 pssohstis

121 2145 291 2216 pnesidinm.
325 2147 359 2199 st
373 2145 533 2217 Epiphanius
551 2144 606 2197 κατ’
619 2143 770 2217 οἰκονομίαν,
789 2152 816 2200 et
830 2146 861 2199 nd
875 2151 978 2218 tempus
995 2147 1124 2201 duntusi
1137 2148 1284 2202 institutum

120 2229 172 2286 hoo
181 2231 267 2284 inisse
278 2237 376 2288 oenset

190 2313 236 2377 Ἐξ
247 2315 329 2374 uirus
340 2314 367 2368 δί
378 2318 427 2370 τῶν
437 2315 515 2370 dunos
526 2313 679 2388 ἀραμένων]
713 2315 785 2380 Quss
801 2321 945 2386 sequuntur
960 2317 1057 2372 mirum
1069 2319 1098 2374 in
1114 2318 1220 2374 modum
1235 2321 1284 2374 im·

121 2401 220 2472 pliosts
230 2407 292 2456 sunt
302 2407 329 2454 st
339 2400 457 2456 obscure
480 2401 639 2474 Suspiosbsr
649 2400 774 2456 monus
786 2398 901 2454 ἄντίθοαιν
912 2402 999 2468 iiism,
1013 2402 1046 2456 de
1057 2419 1109 2474 qus
1120 2404 1244 2474 loquitur.
1253 2403 1285 2458 de

121 2485 462 2556 Audisnisioteiiigeudsus,
472 2487 792 2557 quibusoonstitun'ooum
800 2488 909 2542 istsrom
919 2488 1201 2560 deoretsrsirsgsutor.
1218 2488 1285 2554 Quid

120 2572 193 2626 enim
206 2571 278 2626 siiod
288 2571 402 2628 messem
412 2574 441 2626 in
453 2578 508 2626 tem
524 2574 635 2644 οοοορία
649 2573 833 2642 inconditoque
847 2574 993 2628 sententis?
1016 2574 1111 2628 Verum
1123 2576 1246 2630 edendus
1256 2576 1284 2630 in

120 2673 183 2710 eum
195 2657 284 2714 locon
294 2657 448 2712 incumbens
459 2674 494 2712 ex
508 2659 727 2728 consequentibus
743 2657 821 2712 didici
836 2659 917 2712 elium
934 2675 992 2714 esee
1007 2675 1126 2725 sensnm,
1143 2677 1221 2731 quem
1238 2661 1286 2716 tibi
1374 2723 1378 2730 ι

120 2742 214 2814 psuois
224 2757 363 2812 erponem
375 2741 441 2798 Gom
446 2743 559 2798 Audisui
567 2742 736 2799 sdiodsiosm
742 2743 874 2814 pssohetis
879 2745 1091 2798 cousuetudinem
1101 2745 1284 2801 adstruendum

120 2828 211 2882 losum
230 2827 359 2897 quendem
376 2844 409 2882 ex
422 2828 577 2899 Apostoiiois
595 2827 830 2884 Oonstitudonibus
845 2831 1055 2899 proposuissent,
1071 2831 1117 2899 qoi
1131 2828 1181 2884 hoo
1197 2831 1285 2901 ipsurs

124 2912 231 2968 disertis
242 2914 427 2984 susceptisque
435 2914 521 2968 seriis
534 2913 667 2968 testifiosri
675 2913 811 2978 rideretur,
823 2911 982 2984 npiphsnim
993 2913 1117 2968 sdversue
1128 2915 1195 2984 legis
1207 2915 1287 2970 verbs
1311 2936 1332 2976 α
1340 2925 1385 2968 sss.

121 2999 192 3069 legis
201 2999 331 3054 autentis
338 3000 474 3069 pugnavit,
483 3004 510 3052 et
518 2997 551 3052 sd
560 3003 663 3069 tempus
673 2997 800 3052 duntsxst
809 2999 959 3052 sotusndse
967 2998 1120 3052 eonoordise
1128 3001 1221 3069 grstia,
1230 2999 1285 3054 παρ’

121 3079 265 3152 αίιανορναν
276 3083 408 3140 decretum
420 3083 483 3138 illud
495 3083 615 3138 extitisse
626 3082 721 3140 docuit
752 3081 1002 3138 Cuiusdeiensiouis
1012 3083 1180 3138 iiiustrsndse
1191 3101 1285 3140 ososss

119 3169 233 3222 sitorum
249 3169 341 3224 iisdem
361 3169 388 3224 iu
406 3169 635 3224 oomtitntionlbns
652 3166 790 3239 ἀντινομίαν
806 3178 832 3222 st
848 3167 999 3224 conflictum
1015 3169 1100 3222 inesse
1117 3169 1284 3237 demonstret,

119 3259 254 3324 quotenus
269 3253 386 3308 divense
401 3255 551 3308 sanctiones
567 3254 619 3308 sibi
635 3255 746 3308 inrioem
762 3270 907 3325 repugnare
919 3253 1045 3318 ridentur,
1060 3270 1120 3308 oum
1131 3271 1222 3308 rerers
1231 3271 1284 3314 nou

119 3339 284 3408 discrepem,
297 3339 384 3392 sinon
396 3344 450 3394 tem
461 3340 543 3394 verbs
554 3355 634 3410 qoem
645 3339 801 3394 senmntiun
812 3345 923 3409 spectes.
959 3338 1069 3408 ίίονίρατι
1080 3337 1107 3392 ii
1119 3341 1186 3394 παῖσα
1196 3339 1212 3408 ἡ
1223 3338 1285 3408 ἀλή-

120 3424 174 3476 ίονα
185 3420 246 3490 εἀοπ
257 3428 302 3476 τοῦ
314 3424 478 3494 κηρύγματος.
508 3424 552 3478 Sio
564 3426 634 3480 euim
646 3423 710 3480 iseo
721 3423 915 3494 interpretenda
925 3423 1063 3478 eredimus.
1092 3424 1139 3478 Est
1151 3432 1238 3482 eutem
1249 3427 1284 3480 ls·

118 3525 187 3579 gum
198 3509 243 3564 iiie
255 3507 390 3564 ooniiotus
403 3509 539 3564 eiusmodi.
571 3510 666 3564 iubent
680 3509 791 3580 spostoii
802 3525 952 3578 azymorum
962 3510 1020 3579 ipso
1031 3508 1073 3562 dis
1084 3510 1181 3564 ieiunis
1191 3517 1217 3564 et
1227 3527 1284 3582 per·

119 3595 215 3666 sigilis
223 3610 242 3647 s
250 3592 400 3648 Christianis
409 3595 484 3650 obiri.
500 3594 580 3659 item,
593 3611 645 3664 quo
654 3595 692 3649 iiii
702 3601 819 3665 tempore
830 3595 955 3648 oonviriis
967 3592 1173 3650 ethilsritstibns
1182 3603 1284 3662 noent,

118 3680 215 3752 lugere
225 3695 257 3732 se
268 3680 380 3736 ieiunsre
392 3677 565 3744 Christisoos,
583 3687 610 3733 et
626 3686 716 3736 contro
731 3680 883 3750 lugentibus
897 3681 949 3736 iilis
967 3680 1067 3750 epulsri
1083 3697 1113 3734 so
1130 3682 1244 3736 lsetitiss
1253 3699 1285 3737 se

119 3765 225 3822 dedere.
261 3765 319 3820 iiis
333 3782 411 3834 porro
426 3765 471 3818 lex
488 3765 624 3820 dominicis
641 3765 735 3820 diebus
747 3765 864 3820 ieiunos
876 3765 1002 3836 prohibet
1037 3764 1211 3829 Qnsmobrem
1222 3768 1245 3822 si
1256 3768 1284 3822 iu

118 3851 282 3906 dominionis
293 3851 392 3920 primus
404 3849 474 3920 spud
485 3850 594 3904 Iudaeos
606 3865 757 3921 ssymornm
769 3850 824 3904 dies
836 3850 966 3916 insiderit,
982 3867 1016 3904 ex
1031 3852 1169 3922 posteriori
1178 3853 1236 3918 iege
1248 3853 1283 3907 is·

118 3935 401 4000 sumostendit,
419 3935 489 4006 quod
505 3937 576 4006 prior
587 3941 675 3990 temen
687 3937 839 3992 constitutio
850 3936 1009 4006 prsesoribit
1031 3936 1110 3990 Vides
1120 3937 1284 3994 msoiiestsm

119 4020 272 4090 ἀντιλογίαν.
305 4017 439 4076 Eiusmodi
456 4027 494 4074 est
508 4021 555 4076 iiis
572 4020 603 4076 de
618 4020 740 4091 pssohste
758 4021 860 4078 ludsioe
878 4021 1031 4074 oelebrsudo
1048 4022 1164 4087 sanctio,
1180 4023 1207 4076 iu
1225 4039 1284 4094 qus,

120 4105 229 4178 perinde
246 4111 276 4158 ut
293 4105 320 4158 in
336 4105 432 4170 ultera,
449 4103 604 4176 legislatoris
621 4113 734 4160 mentem
753 4123 782 4160 eo
800 4106 955 4160 sententiam
972 4105 1135 4158 considerare
1152 4106 1284 4162 debemus.

119 4189 159 4244 lis
170 4207 234 4244 rero
247 4193 284 4244 sie
296 4191 488 4262 interpretenda
500 4195 548 4245 est.
576 4191 683 4254 Quoties
695 4197 755 4244 eote
767 4207 875 4244 vernum
888 4190 1078 4260 aequinoctium
1090 4191 1285 4260 quartadecima

120 4275 221 4332 iudsioi
229 4275 310 4330 Nissn
319 4275 420 4340 insidit,
433 4283 511 4346 utque
520 4275 558 4329 illi
566 4274 664 4346 pasche
673 4293 750 4329 suum
761 4277 903 4340 celebrant,
916 4273 1053 4328 Christiani
1062 4276 1181 4330 solennis
1189 4277 1285 4332 ieiunis

119 4361 245 4434 prosequi
257 4361 357 4414 debent.
378 4359 438 4425 Sin,
451 4367 480 4414 ut
490 4377 567 4432 saepe
578 4359 621 4426 fit,
632 4367 692 4431 post
703 4362 895 4430 aequinoctium
906 4359 1002 4414 testum
1014 4359 1086 4412 illum
1100 4361 1168 4415 diem
1180 4361 1283 4430 obeunt,

120 4448 214 4501 eodem
227 4445 267 4500 die
280 4445 433 4500 Christianis
444 4445 542 4518 pssohu
553 4463 629 4501 suum
642 4462 719 4516 egere
732 4462 762 4498 sc
774 4445 864 4498 laeteri
874 4445 942 4500 iicet.
974 4444 1012 4497 De
1023 4461 1075 4516 quo
1087 4447 1120 4500 sd
1132 4455 1284 4518 sequentem

120 4547 258 4585 nunserom
271 4531 346 4603 plura
358 4531 481 4586 disemus.
1060 4534 1064 4544 '

191 4609 320 4670 Φίιοκοναι
328 4617 375 4688 γὰρ
385 4615 429 4685 τὴν
438 4617 570 4689 ἀγρυπνίαν
580 4617 676 4690 φέρειν]
694 4615 840 4688 Ἀγρνπνίας
848 4618 1001 4688 interpretor
1010 4620 1114 4686 νίρίίίοε
1123 4623 1148 4672 et
1156 4626 1283 4688 stationes,
