3200 5158
150 652 182 708 dd
206 653 236 708 1..
249 653 364 710 Licinius
476 659 505 714 L.
518 659 671 731 Calpurnius
739 663 848 720 Crassus
859 673 884 720 et
896 667 955 722 Piso
1019 669 1151 724 Getuhcus
1174 677 1201 726 et
1225 673 1271 728 Su·

150 823 182 878 34
206 827 256 896 Ap.
276 826 359 882 lulius
378 827 444 884 Sila·
478 829 505 886 P.
518 829 597 886 Silius
609 831 694 886 Nerva
739 835 860 891 Silvanus
873 845 899 892 et
907 839 993 895 Nerva
1018 756 1127 895 012st
1140 847 1166 895 et
1175 842 1235 898 Piso
1266 828 1269 834 ¹

240 927 293 966 nus

149 994 181 1048 35
207 995 236 1050 C.
244 995 381 1095 Rubellius
396 997 445 1052 Ce-
480 1000 608 1058 0.me
625 1002 714 1060 etCe·
741 1006 844 1063 Gemini
855 1009 906 1064 duo
1018 1011 1121 1066 Silanus
1134 1013 1254 1071 etNerva

240 1097 331 1138 miuus
511 1089 598 1142 minus

149 1165 182 1220 36
206 1167 379 1224 Ὴίιιιιοῑιιι
479 1172 506 1226 C.
524 1173 629 1272 Cassius
646 1175 713 1230 Lon·
739 1179 823 1234 Euius
836 1186 863 1236 et
872 1181 990 1238 Rubellio
1018 1182 1143 1238 Geminus
1171 1190 1199 1238 et
1222 1185 1271 1240 Cs-

558 1276 596 1312 u
1079 1271 1085 1282 .

149 1335 181 1390 37
207 1336 267 1392 tib.
276 1337 307 1392 V.
479 1274 590 1398 Saffiua
741 1349 854 1406 Vinicius
864 1352 991 1425 ethongi·
1015 1285 1269 1410 Ruddduestllnbelli·

772 1451 820 1490 nus
835 1436 939 1492 Cassius
1049 1455 1100 1492 nus

608 1755 637 1822 Ν
652 1755 677 1822 0
693 1756 719 1822 Τ
734 1756 809 1822 ΔΕ.

360 1871 405 1926 sn
422 1871 602 1928 moneris
619 1871 871 1927 oonsuusuuun
888 1870 1061 1930 contusis.

195 2007 227 2062 In
238 2007 281 2062 his
293 2023 359 2062 coss.
370 2010 475 2079 paribus
486 2011 613 2066 nonnulla
623 2016 686 2065 sunt
696 2010 875 2066 observatione
888 2007 974 2080 digna.

195 2093 225 2148 In
238 2111 275 2149 vr.
288 2092 447 2164 Epiphanius
459 2095 580 2150 Pisonem
591 2115 619 2152 n.
632 2097 766 2150 consulem
776 2095 910 2159 adscribit,
923 2095 992 2166 quod
1004 2111 1087 2164 neque
1098 2095 1126 2148 in
1134 2093 1288 2166 Capitolinis

130 2195 213 2248 neque
229 2179 260 2232 in
277 2179 372 2234 Siculis
390 2181 505 2236 additum
521 2187 573 2246 est3
588 2182 633 2236 sed
648 2181 681 2236 ad
698 2181 777 2236 Cnaei
792 2181 920 2234 duntaxat
935 2180 1036 2234 Pisonis
1053 2180 1228 2246 consulatum,
1246 2183 1290 2252 qui

132 2279 198 2320 auno
211 2264 286 2320 urbis
298 2281 434 2322 uucxurn.
447 2269 575 2324 convenit.
597 2268 635 2321 Ac
647 2268 746 2322 ridetur
758 2284 791 2322 ex
804 2285 834 2321 eo
846 2271 923 2321 natus
934 2282 1004 2320 error
1016 2266 1085 2338 qnod
1097 2267 1161 2319 alter
1174 2267 1290 2320 eiusdem

131 2351 244 2406 nominis
257 2349 286 2403 L.
298 2349 452 2421 Calpurnius
463 2351 523 2406 Piso
535 2352 694 2408 Caesoninus
706 2369 775 2406 suno
787 2352 817 2405 U.
830 2351 858 2405 C.
871 2367 1015 2408 nccxrxrx.
1028 2352 1112 2405 tuerit.
1142 2351 1193 2405 Sed
1204 2352 1247 2406 ille
1259 2352 1288 2408 t.

80 2503 84 2510 ⁴
130 2435 212 2502 tilius,
224 2442 314 2492 noster
324 2435 367 2490 hic
376 2453 435 2491 nero
448 2437 527 2494 Cnaei
538 2439 638 2496 dicitur.

195 2524 227 2578 In
244 2542 290 2578 ιιι.
307 2524 443 2578 consulatu
458 2540 592 2595 perperam
608 2524 677 2596 apud
693 2523 868 2596 Epiphaniam
881 2522 909 2577 L.
927 2523 1020 2578 Caesar
1036 2540 1083 2594 pro
1098 2522 1159 2576 Caio
1176 2525 1290 2594 positum

131 2615 177 2666 cet.
200 2609 268 2664 Nam
280 2608 376 2664 Lucius
388 2609 443 2664 sius
454 2609 533 2664 irater
544 2627 597 2666 coe.
610 2611 773 2682 designatus,
790 2615 929 2680 antequam
943 2610 1125 2680 magistratum
1139 2610 1228 2675 iniret,
1245 2627 1290 2664 ex·

131 2695 225 2750 tinctus
238 2701 288 2750 est

196 2783 227 2834 In
240 2799 266 2836 x.
280 2780 352 2834 hasti
362 2780 443 2836 Siculi
454 2788 481 2835 et
491 2779 651 2852 Epiphanius
663 2781 766 2840 Aelium
778 2781 871 2836 Catum
883 2787 910 2836 et
917 2781 1086 2836 Saturninum
1096 2782 1289 2852 praeterierunt.

131 2865 181 2920 Sed
197 2871 225 2920 et
241 2866 338 2920 trustra
354 2867 422 2937 apud
438 2866 610 2938 Epiphaniam
626 2869 738 2938 Magnus
759 2867 896 2938 Pompeius
918 2885 975 2921 cum
995 2867 1098 2920 Valerio
1119 2868 1289 2937 componitur.

130 2951 189 3008 Euit
199 2953 273 3006 enim
284 2953 307 3006 is
320 2950 402 3006 Cinna
413 2954 539 3023 Magnus,
551 2969 603 3008 uon
614 2953 762 3026 Pompeius.

196 3038 230 3090 ln
245 3038 395 3092 amcitiam
412 3039 515 3110 irrepsit
530 3040 625 3109 partim
641 3057 674 3092 ex
690 3038 798 3094 suffecto
816 3055 868 3092 coe.
885 3040 970 3092 Atteio
987 3037 1123 3108 Capitone,
1144 3039 1239 3108 partim
1256 3055 1290 3092 ea

131 3123 270 3178 consulatu
282 3141 335 3178 rra.
366 3123 431 3178 Cum
447 3125 517 3182 enim
531 3140 599 3179 auno
615 3124 692 3180 Urbis
704 3140 839 3180 occursu.
852 3142 918 3179 coss.
934 3123 1166 3178 iuernnt'l'iberiue
1184 3141 1212 3179 ιι.
1225 3129 1251 3176 et
1262 3123 1289 3178 Ο.

130 3207 253 3264 Fonteius
267 3207 371 3280 Capito,
386 3225 454 3262 anno
466 3226 527 3264 vero
538 3226 646 3266 occurs.
663 3210 786 3264 suffectus
802 3211 880 3265 fuerit
895 3210 999 3281 Capito,
1017 3209 1061 3280 qui
1071 3207 1163 3262 Festos
1177 3207 1289 3263 Graecos

130 3294 314 3359 couhderuut,
325 3293 477 3364 Capitonem
488 3312 535 3365 pro
547 3295 676 3352 ordinario
688 3305 854 3350 numerantes
865 3311 925 3350 cum
936 3296 993 3350 Tib.
1007 3293 1117 3348 Caesare
1127 3295 1288 3366 copularunt.

196 3381 226 3434 ln
233 3397 288 3434 arx.
298 3381 433 3436 consulatu
439 3379 510 3436 Fasti
518 3380 737 3436 SiculiTiberium
742 3381 878 3436 Curarem
887 3401 915 3436 ιι.
925 3387 952 3434 et
959 3380 1109 3452 Scipionem
1118 3381 1289 3444 committunt,

130 3465 290 3538 Epiphanius
302 3465 424 3520 Flaccum
440 3472 466 3519 et
479 3465 610 3537 Silanum,
628 3468 672 3538 qui
689 3483 746 3522 esse
762 3468 852 3522 debuit
868 3467 1017 3522 consulatus
1029 3483 1115 3531 uvi..
1132 3483 1200 3520 anno
1211 3464 1288 3519 Urbis

131 3567 268 3606 nonnam.
291 3551 362 3604 ldem
374 3551 531 3622 Epiphanius
544 3553 682 3608 Sosiorum
698 3553 807 3608 duorum
824 3553 962 3623 collegium
980 3556 1142 3608 antevertens
1159 3557 1288 3621 expuncto

131 3637 187 3692 Silii
198 3643 225 3692 et
235 3637 325 3690 Planci
341 3639 477 3690 consulatu
493 3638 621 3692 decimum
637 3639 756 3709 quintum
771 3654 787 3692 a
802 3655 869 3694 coes.
882 3640 1000 3710 Augusto
1013 3657 1070 3693 xm.
1083 3642 1110 3690 et
1121 3637 1209 3690 Silano
1222 3652 1288 3690 coss.

130 3724 204 3794 ponit
214 3723 381 3778 consulatum
391 3723 478 3789 illum,
494 3739 554 3778 cnm
566 3742 618 3779 avr.
630 3741 687 3778 esse
699 3725 822 3778 debuerit
845 3725 913 3778 Tum
924 3743 977 3780 ιιι.
988 3725 1053 3778 iacit
1065 3723 1218 3795 Pompeium
1233 3721 1288 3776 hla-

130 3824 212 3878 gnum
230 3813 257 3861 et
267 3808 417 3878 Apuleium,
434 3810 479 3878 qui
496 3825 555 3864 cum
570 3809 746 3880 superioribus
761 3809 839 3864 iidem
854 3809 1048 3864 emendentur.
1074 3808 1141 3862 Nam
1157 3824 1171 3860 e
1189 3807 1288 3860 duobus

131 3893 219 3948 Sextis
235 3894 299 3948 alter
310 3891 448 3964 Pompeius
459 3893 560 3965 Nepos,
577 3896 642 3948 alter
653 3895 777 3966 Apuleius
788 3894 875 3966 Nepos
892 3897 1034 3966 sppeUatua
1051 3899 1098 3949 eet.
1131 3892 1204 3957 Quod
1219 3891 1289 3946 idem

131 3979 223 4034 uitium
234 3981 263 4032 in
273 3978 358 4032 ussus
369 3978 463 4033 Siculis
473 3981 594 4038 semitm.

197 4065 229 4118 In
241 4079 306 4120 un.
317 4079 364 4134 pro
376 4063 473 4118 Brutus
483 4065 552 4135 apud
563 4065 654 4136 Epiph.
667 4073 693 4121 et
703 4066 804 4122 Siculos
815 4066 907 4120 Festos
918 4065 1002 4120 scribe
1014 4065 1121 4118 Dnteus.

197 4149 326 4219 Deinceps
338 4165 419 4220 usque
430 4149 464 4203 ad
476 4167 575 4208 mvn.
587 4152 752 4206 consulatum
762 4151 835 4206 Fasti
846 4152 926 4206 Siculi
937 4167 989 4204 uuo
1004 4166 1072 4204 anno
1088 4148 1212 4204 tardiores
1228 4153 1290 4204 sunt

133 4251 211 4304 quam
221 4233 381 4306 Epiphanius
393 4239 420 4288 et
431 4235 577 4306 Capitolini.
598 4235 666 4291 Puta
676 4237 791 4292 Taurum
807 4241 833 4290 et
847 4236 974 4290 Libonem
989 4236 1019 4288 in
1033 4239 1123 4289 nostra
1139 4237 1205 4290 serie
1217 4254 1288 4292 xxiv.

134 4321 271 4384 coUocant,
284 4336 362 4390 quern
373 4321 451 4376 ambo
462 4321 507 4376 isti
515 4339 603 4387 xxm„
621 4327 647 4375 et
657 4323 695 4376 ita
706 4322 834 4393 deinceps.
858 4321 938 4376 Cuius
951 4337 982 4374 ea
993 4337 1086 4374 caussa
1098 4325 1138 4374 est
1149 4322 1219 4392 quod
1229 4321 1287 4393 Epi·

134 4403 241 4474 phanins
258 4421 319 4460 cum
334 4407 429 4460 extrito
445 4423 498 4461 uno
514 4407 649 4463 consulum
660 4408 729 4478 pari,
746 4407 869 4462 nimimm
885 4407 948 4460 anni
959 4405 1035 4461 Urbis
1047 4421 1176 4472 uuonan,
1193 4407 1289 4460 Tiberii

135 4489 205 4546 Caes.
217 4497 243 4546 et
252 4491 356 4546 Fonteii
367 4489 512 4563 Capitonis,
524 4493 664 4548 dextoram
676 4493 786 4548 duorum
797 4493 961 4547 consulatum
972 4493 1152 4566 anticipasset,
1164 4508 1232 4547 anno
1242 4491 1288 4546 Ur-

135 4575 322 4642 bisacutus,
339 4577 384 4648 qui
399 4580 518 4648 sequenti
533 4579 708 4650 competebat,
723 4577 783 4634 huic
800 4577 850 4652 ipsi
860 4591 997 4638 occasun.
1012 4577 1165 4652 Pompeium
1182 4585 1209 4633 et
1218 4579 1289 4650 Apu·
