3252 5158
531 593 577 650 ΑΙ)
595 593 768 650 nausiam
784 593 889 660 im,
906 592 996 658 QUAE
1013 593 1076 648 EST
1093 591 1304 648 deANOiiUM„

408 696 439 750 N.
451 715 470 750 r.
489 693 567 749 Ὅσαι
578 696 625 767 γὰρ
637 694 762 762 ἐκκλησίαι
773 699 814 764 τῆς
827 695 976 764 academiis]
1000 695 1167 766 Singulsrem
1177 702 1239 750 tuuc
1250 695 1376 765 temporis
1388 694 1506 748 siem·

341 781 411 836 drise
422 799 522 836 morem
533 780 602 836 huuc
613 781 706 846 muse,
722 783 763 836 rel
775 782 866 836 seltem
879 783 969 852 parom
986 781 1014 834 iu
1025 781 1142 836 ecelesiis
1153 787 1322 851 usurpetum,
1338 796 1372 834 ex
1390 795 1424 833 so
1440 794 1505 832 cou-

340 866 425 932 iiciss,
442 865 510 937 quod
526 873 580 920 tam
596 882 720 938 expresse
731 867 878 922 istiusmodi
890 865 1098 931 consuetudinis,
1113 872 1239 936 uuquam
1250 863 1446 920 Alsxsudriuae
1463 879 1506 916 sc·

341 951 434 1005 ciesise
446 951 597 1022 peculiaris,
608 952 737 1006 meminit:
754 953 792 1006 uti
802 952 925 1006 nimirum
937 953 1024 1022 plures
1036 952 1063 1006 iu
1076 951 1165 1004 udam
1177 951 1241 1006 urbe
1252 951 1322 1004 tituli
1332 949 1434 1014 ioreut,
1446 949 1505 1019 qui-

336 1035 390 1090 ·bus
406 1037 518 1106 siugulis
535 1053 598 1090 suus
615 1037 755 1092 attributus
770 1045 840 1092 esset
856 1037 999 1107 presbyter,
1017 1037 1062 1106 qui
1078 1037 1266 1090 ecclesiastices
1284 1035 1433 1090 iunctim
1449 1035 1506 1086 iilic

341 1121 431 1175 obiret
466 1121 517 1174 Sed
533 1121 596 1175 alibi
611 1127 697 1175 umen
714 1121 866 1192 iampridem
878 1122 1025 1176 institutum
1037 1121 1106 1174 idem
1121 1122 1219 1176 iuerat:
1237 1121 1309 1174 uelut
1325 1119 1443 1182 Romae,
1460 1118 1507 1174 ια’

339 1221 385 1276 per
396 1206 486 1260 titulos
498 1205 629 1260 distributi
639 1207 783 1277 presbyteri
795 1222 856 1260 suos
869 1207 966 1277 quique
977 1207 1087 1277 populos
1099 1206 1232 1276 regebsut
1265 1205 1307 1260 Ad
1321 1221 1368 1260 eos
1386 1205 1507 1274 episcopi

340 1289 476 1346 dominicis
485 1291 576 1346 diebus
584 1291 749 1356 fermentum,
761 1291 816 1345 sire
826 1291 989 1346 benedictum
1001 1307 1104 1362 parem,
1115 1291 1142 1346 iu
1152 1291 1342 1346 communionis
1351 1289 1506 1358 symbolon

338 1376 441 1431 mittere
452 1381 648 1432 consuerersut
670 1375 836 1430 quoceotius
849 1375 883 1430 ad
893 1375 1046 1432 Decentium
1057 1391 1113 1446 esp.
1123 1394 1148 1431 s.
1170 1376 1341 1445 mssrssmo
1351 1394 1428 1438 seso,
1440 1375 1509 1444 qaod

340 1463 382 1514 ds'e
394 1463 516 1514 doasimco
524 1479 574 1531 per
585 1462 670 1516 titulos
680 1466 811 1526 mittimus,
826 1464 951 1532 superfice
966 1479 1010 1514 nos
1025 1463 1153 1514 cosulem
1167 1462 1281 1524 misisti,
1298 1478 1355 1514 csta
1365 1477 1455 1514 cesses
1465 1475 1506 1512 sc·

340 1547 433 1600 clerice
445 1556 547 1600 cosmae
556 1551 627 1600 istra
639 1550 766 1600 os'os'totsm
778 1549 829 1599 sissi
844 1550 1008 1609 constitutori
1025 1563 1130 1616 geomar
1142 1546 1298 1616 presbyteri,
1314 1549 1376 1616 puio
1395 1547 1441 1600 die
1456 1549 1506 1598 ido

337 1641 445 1701 propter
452 1631 549 1701 plebeos
561 1633 612 1684 sids'
623 1636 778 1686 ιουιιιιόιισπι
796 1632 922 1686 rediscens
938 1635 1070 1686 convenire
1087 1649 1134 1686 που
1146 1640 1263 1700 meost,
1279 1633 1337 1686 s'deo
1346 1635 1505 1700 feneam

341 1734 358 1770 α
374 1717 446 1769 nodis
463 1721 600 1786 consectam
614 1733 664 1788 per
676 1716 806 1785 oeolgtltos
822 1720 966 1786 complent,
982 1726 1011 1768 ssi
1024 1735 1051 1770 ss
1069 1735 1086 1768 ο
1101 1725 1189 1770 sorim
1205 1719 1375 1770 conmunione
1395 1720 1506 1770 ισσόιε

338 1801 386 1854 s'llo
396 1803 437 1855 die
446 1820 493 1855 noa
501 1803 764 1872 iudiceriseporotos.
782 1800 855 1865 Quod
867 1816 884 1853 a
895 1799 1040 1856 Melchiule
1051 1801 1221 1856 coustitutum
1231 1800 1314 1856 luisse
1326 1800 1409 1854 Liber
1417 1800 1506 1854 Pouli-

338 1884 421 1940 ficslis
432 1886 539 1940 Damasi
550 1886 634 1940 tradit.
648 1885 750 1941 Laodic.
764 1885 842 1947 (lonc,
854 1885 917 1940 (lau.
926 1903 979 1940 xrs.
992 1886 1153 1956 eulogiarum
1171 1887 1280 1940 istsmss
1297 1884 1436 1940 mem'mrit:
1452 1883 1506 1954 ami

339 1974 383 2024 τοῦ
396 1967 672 2042 μὴτᾶἃγιαιίςλόγου
688 1969 808 2042 εὖλογιῶυ
821 1969 939 2038 ποταπὴν
955 1968 1039 2040 lapsis
1056 1975 1101 2024 τοῦ
1118 1967 1209 2042 Πάσχα
1225 1967 1257 2031 sic
1273 1967 1356 2042 lsdperc
1374 1969 1504 2042 πφαίος

339 2055 522 2127 διαπέμπεσθαι.
551 2055 602 2110 Sed
621 2057 652 2109 de
668 2055 718 2110 hoc
732 2056 783 2110 ritu
796 2055 913 2127 pluribus
930 2056 957 2108 iu
974 2055 1071 2110 liccles.
1089 2057 1156 2110 Auru
1173 2055 1301 2110 Batonius
1318 2069 1345 2110 s.
1354 2054 1418 2112 ata.
1447 2054 1505 2112 N·

339 2140 429 2196 dubito
441 2141 583 2196 maioribus
595 2141 723 2196 duntaxst
733 2141 761 2194 iu
772 2141 880 2196 urbibus
892 2142 980 2212 plures
991 2141 1059 2196 iutra
1074 2141 1208 2212 pomoeriu
1222 2140 1313 2196 titulos
1328 2140 1429 2205 iuisse;
1443 2155 1504 2194 ears

341 2227 410 2280 iutra
421 2227 512 2280 eadem
522 2232 596 2296 septe
608 2225 734 2281 coutiueri
745 2241 849 2296 susque
858 2227 995 2280 coursuire
1008 2241 1061 2280 uou
1074 2233 1195 2296 posseut,
1207 2225 1323 2296 sdsoqus
1334 2225 1505 2296 presbyteros

339 2311 450 2381 siugulis
462 2311 578 2366 ecclesiis
591 2311 738 2381 impositos,
753 2311 782 2366 iu
798 2311 943 2366 minoribus
960 2316 1048 2366 sutem
1066 2325 1097 2366 ac
1107 2311 1195 2364 miuus
1205 2309 1389 2382 mequeutibus
1400 2310 1504 2382 oppidis

338 2411 418 2452 uosm
430 2395 557 2451 duotsxat
572 2397 709 2450 ecclesiam
727 2395 858 2462 extitisse,
875 2397 902 2450 iu
919 2411 998 2465 qusm
1015 2396 1130 2451 uniuersi
1145 2393 1313 2452 conducent
1349 2394 1505 2450 Cuiusmodi

339 2479 419 2550 cypri
429 2481 506 2536 urbes
518 2488 599 2536 eraut
617 2479 690 2535 Uuds
701 2479 771 2550 quod
780 2480 951 2535 Alexandrise
960 2487 1092 2552 receptum
1104 2487 1171 2546 erst,
1182 2481 1253 2536 relat
1263 2479 1439 2552 popularibus
1450 2481 1505 2534 su's

338 2565 504 2636 peregrinum
516 2573 541 2618 et
552 2566 716 2631 inusitatum,
727 2563 861 2620 sduotseit
871 2564 1040 2636 Epiphanius.
1064 2565 1129 2620 iiiuc
1140 2566 1214 2636 origo
1226 2567 1425 2637 patescimus,
1435 2565 1505 2636 quod

338 2651 494 2706 uocabulum
506 2650 670 2704 srusticsuis
681 2649 799 2704 ecclesiis
811 2649 845 2704 sd
857 2651 959 2706 urbicas
970 2651 1133 2706 trsuslstum.
1168 2649 1287 2722 lisporsde
1298 2653 1406 2722 proprie
1417 2650 1504 2721 χώραν

339 2752 443 2790 omnem
453 2736 637 2806 regionemque
648 2735 793 2806 siguificat,
811 2749 879 2805 quae
896 2737 929 2790 ab
941 2737 1005 2790 urbe
1017 2735 1115 2792 dietam
1126 2735 1251 2790 ecclesiae
1262 2742 1347 2790 certae
1359 2736 1503 2792 commui·

339 2827 389 2888 tur,
401 2819 617 2892 quemadmodum
629 2821 690 2874 olim
702 2819 800 2874 Βοιιιιο
812 2821 923 2890 siugulis
932 2821 1034 2876 riciuiis
1042 2821 1129 2891 πόγυι,
1142 2821 1197 2876 sive
1209 2821 1289 2876 eolles
1297 2821 1437 2876 constituti
1448 2821 1503 2874 ius·

337 2912 399 2960 runt
409 2921 426 2960 s
437 2905 527 2960 Servio
539 2904 623 2960 Tullio
635 2921 709 2976 rege,
725 2911 851 2975 tsuquam
868 2907 1037 2978 κρησφύγετα,
1053 2906 1109 2960 sire
1123 2913 1243 2978 receptus
1255 2922 1287 2960 sc
1296 2905 1435 2976 perfugia,
1451 2921 1502 2976 qso

307 3042 313 3055 ,
337 3007 366 3046 se
378 2991 411 3045 sb
423 2991 555 3062 ingruenti
566 2988 641 3044 hoste
651 2996 804 3046 tutarentur.
830 2989 860 3044 Iu
871 2991 903 3044 iis
915 2991 1024 3046 collibus
1036 3005 1095 3046 arse
1106 2991 1260 3046 collocatam
1275 2989 1346 3046 esav
1358 2987 1502 3044 όπισαόπυι

337 3095 363 3130 τε
372 3074 412 3128 acl
422 3073 537 3146 φυλόοιωυ
546 3080 589 3127 τοῦ
599 3073 692 3146 adpro,
705 3075 747 3137 σός
756 3072 823 3137 ἔταξε
833 3075 923 3136 θυσίαις
933 3077 1024 3137 ποιναῖς
1036 3077 1153 3148 γιραίριιι
1164 3081 1212 3130 etc
1224 3077 1262 3131 sit
1271 3075 1407 3132 nutem.
1415 3077 1500 3132 hirs.

336 3164 393 3218 lmo
405 3177 465 3216 vero
478 3167 505 3214 et
515 3161 578 3232 pegi
588 3161 687 3231 singuli
697 3165 829 3216 curatores
840 3177 903 3214 suos
914 3160 1072 3228 debuerunt,
1084 3177 1150 3232 quos
1160 3158 1307 3222 ἐπισκόπους
1316 3167 1344 3216 et
1352 3159 1501 3232 πιριπόλαος

337 3248 407 3304 idem
418 3253 509 3302 auctor
519 3246 640 3316 appellet.
665 3245 764 3310 Quibus
776 3245 982 3301 Christisuorum
992 3247 1018 3301 iu
1031 3247 1102 3316 agris
1113 3247 1248 3316 paroeciae
1260 3263 1340 3317 quam
1350 3245 1502 3302 simillimae

337 3333 450 3388 fuerunt.
468 3329 534 3386 llam
547 3336 573 3384 et
583 3331 636 3386 illic
645 3328 785 3408 ἐπίσκοποι,
797 3333 852 3384 sive
860 3331 947 3401 potius
956 3331 1153 3401 χυριπίσκοποι,
1165 3331 1227 3386 olim
1239 3331 1423 3402 praefuerunt,
1435 3347 1501 3402 quos

338 3423 509 3490 episcoporum
526 3420 638 3470 cicerem
652 3415 759 3470 Latinae
775 3415 903 3485 quaedam
919 3431 1048 3470 cauouum
1065 3417 1289 3486 interpretationes
1305 3423 1417 3482 socsut;
1434 3417 1500 3470 siiss

337 3505 509 3574 regionarios,
521 3516 567 3555 scu
580 3505 697 3566 οιύοαου,
712 3501 791 3572 louge
803 3517 881 3571 qoam
892 3501 953 3556 illae
964 3502 1067 3556 rectius.
1089 3501 1150 3554 liuit
1160 3517 1251 3556 eorum
1261 3500 1378 3572 diguitss
1391 3509 1419 3556 et
1429 3508 1499 3572 pots·

338 3595 392 3642 stas
403 3587 560 3658 presbyteris
572 3585 745 3656 simplicibus,
762 3591 792 3638 ut
801 3586 910 3651 ridetur,
927 3585 1037 3656 amplier
1052 3592 1079 3640 et
1093 3587 1234 3658 episcopsii
1250 3602 1354 3657 suppar.
1390 3585 1460 3640 Nem
1474 3593 1501 3640 st

337 3673 471 3728 inferiores
483 3669 585 3724 ordines
598 3671 631 3724 ab
642 3670 675 3724 iis
687 3671 795 3726 collatos
807 3687 865 3726 esse
876 3677 987 3726 cousist.
1011 3669 1068 3734 Qus
1083 3671 1115 3725 ds
1130 3688 1157 3726 re
1173 3671 1299 3726 obscurus
1316 3677 1358 3724 est
1368 3673 1500 3741 eremi

338 3758 441 3812 concilii
451 3755 514 3810 (lan.
523 3772 581 3810 xm.
603 3755 806 3826 Χωρεπισιιόπους
824 3757 857 3827 μὴ
874 3753 958 3818 όξιῑναι
975 3755 1150 3828 πρεσβυτέρους
1165 3757 1181 3822 ἢ
1197 3756 1324 3817 διακόνους
1342 3761 1498 3827 χιιροτουό·
1471 3773 1490 3806 s

337 3841 403 3894 iiia
412 3840 472 3912 μηδὲ
481 3839 656 3942 πρισβυσόρους
666 3839 775 3907 πόλεως,
787 3840 863 3911 χωρὶς
873 3845 917 3893 τοῦ
927 3838 1085 3912 ἐπιτραπῆναι
1094 3839 1141 3893 iro
1151 3858 1195 3894 roo
1180 3838 1339 3894 Ι’ἐπισκόπου
1349 3839 1413 3912 pers
1421 3859 1498 3912 ppass-

338 3925 422 3998 μότωι
431 3923 455 3978 is
465 3923 534 3997 tripqt
543 3925 663 3996 repensis,
680 3925 759 3980 Vetat
770 3927 933 3996 presbyteros
945 3943 976 3980 sc
984 3926 1107 3982 diocouos
1118 3942 1136 3981 s
1146 3924 1335 3998 chorepiscopis
1344 3927 1497 3982 consecrari

338 4013 391 4068 Sed
402 4011 586 4067 obscurissime
596 4017 657 4064 suut
669 4026 735 4080 quse
747 4011 895 4064 subiunxit.
913 4007 978 4064 itit
993 4010 1055 4082 prii
1066 4011 1255 4084 πρισβυτόρους,
1271 4028 1384 4082 quorum
1401 4012 1496 4082 duplex

336 4104 496 4170 potestesse
514 4112 613 4150 seusus.
647 4097 700 4150 Aut
716 4096 784 4150 euim
802 4095 910 4150 eandem
927 4097 1033 4150 urbanis
1050 4097 1207 4168 presbyteris
1224 4103 1381 4166 potestatem
1398 4097 1497 4160 adimit,

337 4183 407 4254 quod
418 4183 530 4237 otiosum
542 4187 569 4234 et
578 4182 695 4278 ineptum
706 4180 814 4236 videtur.
835 4180 898 4244 Quis
910 4183 980 4234 euim
991 4183 1156 4252 presbyteros
1168 4197 1184 4234 s
1195 4181 1353 4252 presbyteris
1365 4183 1496 4238 ordinatos

338 4283 452 4340 uuquam
465 4267 558 4331 audiit,
573 4272 620 4320 eut
635 4267 691 4320 eius
702 4266 740 4320 rei
750 4271 905 4336 potestatem
915 4267 967 4320 illis
980 4266 1013 4320 ab
1025 4268 1146 4338 episcopo
1157 4283 1204 4336 per
1214 4267 1303 4320 literas
1313 4283 1372 4322 esse
1383 4267 1496 4322 isctssn

337 4352 407 4424 quud
418 4368 502 4407 σσοοιι
513 4352 631 4422 excipere
643 4352 750 4406 ridetur.
773 4351 821 4406 Vel
837 4359 904 4406 certe
921 4349 1119 4422 chorepiscopos
1134 4350 1255 4421 prohibet
1270 4351 1372 4408 urbicos
1389 4353 1495 4422 presby·

336 4445 405 4494 toros
418 4437 568 4492 ordinare
547 4453 603 4492 sme
615 4437 730 4508 episcopi
740 4437 910 4492 cousensioue
922 4452 952 4490 sc
963 4436 1058 4502 literis,
1073 4436 1173 4506 idque'
1166 4453 1193 4492 m
1208 4436 1298 4502 saiieua¹
1308 4438 1439 4507 paroecia.
1457 4443 1494 4490 st·

338 4538 388 4592 que
399 4523 436 4576 ita
446 4521 582 4588 Balsama,
594 4521 662 4592 quod
674 4537 706 4576 ue
718 4523 804 4592 ipsum
816 4521 920 4592 quidem
930 4522 1061 4592 probatur.
1096 4519 1163 4576 Nam
1174 4523 1197 4576 si
1208 4521 1374 4593 presbyteros
1386 4529 1432 4576 aut
1440 4522 1493 4576 dis·

336 4623 417 4662 couoe
426 4609 528 4677 penitus
537 4606 655 4662 ordinare
663 4607 771 4660 vetitum
780 4613 831 4670 est,
843 4605 904 4676 quid
913 4606 1005 4659 sttinet
1014 4605 1044 4658 de
1054 4607 1160 4660 urbsuis
1172 4607 1329 4677 presbyteris
1340 4607 1492 4663 semiustim
