3216 5152
327 359 417 418 XXIV

327 515 394 586 παρὰ
409 515 465 577 τοὺς
481 515 617 588 Ἐβραίους.
650 515 719 572 Nam
736 521 763 572 et
776 516 956 572 Damascenns
973 517 1040 572 libro
1053 516 1084 572 de
1096 515 1265 583 Raunathou,
1281 515 1327 588 qni
1343 515 1476 574 nihilaliud

328 607 367 656 est
379 617 458 673 quam
470 602 609 675 Epiphanii
619 600 869 673 Anaoephalaeosis,
881 604 971 674 paucis
984 603 1113 673 ademptis
1124 608 1170 656 aut
1180 602 1336 667 mmntatis,
1352 603 1388 656 ita
1401 609 1429 656 ut
1438 621 1477 657 sn·

240 708 262 748 p.
270 693 302 738 tt.
326 704 374 760 pra
384 689 582 759 proposuimus,
594 689 744 758 exscripsit3
756 689 817 742 licet
829 689 933 754 vitiose,
950 693 980 742 ut
991 689 1154 752 monuimus,
1168 689 1299 741 Iebaasoca‘
1308 705 1355 758 pro
1367 688 1476 744 θεὸναιίι

326 776 454 844 legantur.
483 773 657 838 Quamobrem
677 774 746 844 qued
765 773 924 828 Essenorum
942 775 1090 827 institutum
1109 773 1188 828 inerit
1207 789 1241 827 ex
1257 789 1289 827 eo
1305 774 1361 828 loco
1377 779 1476 840 constat,

326 875 419 931 nempe
435 865 465 913 ut
476 877 504 913 se
515 861 543 915 in
559 865 696 930 utramque
713 861 814 930 partem
824 865 957 914 uersantes
969 860 1002 912 ad
1014 861 1152 913 umbomm
1163 875 1248 913 mores
1265 859 1477 913 cousuetudinem·

327 961 377 1016 qnc
388 946 524 1016 fingerent
559 944 619 999 ldeo
633 943 779 999 Gorthenos
792 945 862 999 solos
875 961 904 999 ac
916 945 1054 998 Dositheos
1071 961 1131 998 cum
1143 944 1271 999 Sebuasis
1288 945 1427 998 simultates
1437 961 1478 998 en·

326 1047 411 1086 arcere
423 1033 497 1085 dixit
531 1030 630 1097 Quibus
643 1031 829 1084 animaduersis
841 1031 878 1084 ita
889 1032 961 1084 loeus
978 1031 1027 1083 iste
1040 1030 1240 1084 conformandus
1251 1029 1315 1084 mihi
1326 1030 1433 1083 ridetur:
1445 1029 1478 1081 lli

327 1115 374 1188 μὴν
392 1115 534 1184 ἐπείσθησαν
546 1121 597 1178 τοῖς
609 1116 748 1186 Σεβονοιῖοις
760 1115 891 1186 1ὀρβηνοὶ,
904 1115 944 1167 ral
957 1114 980 1167 ol
992 1112 1072 1172 ἄλλοι.
1093 1114 1207 1182 Ἐσσηνοὶ
1220 1115 1246 1168 at
1258 1113 1331 1185 ἐγγὺς
1343 1117 1391 1185 τῶν
1403 1111 1478 1166 ἄλλων

327 1204 448 1273 γινόμενοι
459 1201 490 1254 τὰ
498 1201 541 1254 isa
557 1200 652 1262 ἐκείνοις
664 1199 818 1273 πράττουσιν.
848 1201 897 1256 Ubi
914 1203 963 1252 τῶν
976 1197 1059 1252 ἄλλων
1076 1201 1145 1255 idem
1157 1208 1198 1255 ast
1213 1198 1481 1270 atqueiaaripms,c1·

327 1299 485 1342 tentatorum.
514 1287 650 1342 (laetorum
667 1286 858 1342 Gorthenornm
873 1288 1029 1342 vocabulum
1045 1287 1116 1340 varie
1131 1287 1198 1340 solet
1215 1287 1334 1356 exprimi.
1363 1285 1427 1339 llam
1438 1291 1480 1338 ant

327 1372 445 1444 l'opbqaol
456 1373 590 1439 dicuntur,
600 1377 646 1426 aut
657 1372 807 1444 Γορβαιηνοὶ.
843 1372 873 1427 In
883 1373 1103 1444 Arraoephalseosi
1115 1371 1261 1442 Pcpodquol,
1273 1371 1396 1426 mendose
1407 1376 1435 1425 ut
1444 1387 1480 1423 ar·

326 1460 419 1524 bitror,
431 1464 461 1513 ut
472 1465 497 1513 et
507 1460 576 1530 apud
588 1459 728 1512 Eusebium
740 1457 879 1528 l'opqurol
891 1459 923 1512 ab
936 1464 1026 1512 autore
1038 1458 1083 1528 qni
1093 1456 1211 1528 Γορθαῖος
1227 1456 1379 1528 appellatur.
1403 1455 1480 1522 Quare

328 1545 471 1615 Γορβαιηνοι
482 1545 578 1598 rectius
587 1544 688 1597 ridetur
699 1543 840 1613 Scaligero.
1300 1565 1301 1568 ¹

395 1629 441 1682 Καὶ
452 1630 559 1696 νηστείας
571 1632 613 1696 τῆς
626 1627 684 1700 παρ’
697 1627 799 1697 αὐτοῖς]
820 1629 1007 1701 lixpiationum
1017 1628 1125 1696 festum,
1142 1627 1198 1682 sire
1209 1627 1348 1699 hippurim
1359 1627 1480 1698 intelligit,

329 1716 398 1788 quod
411 1735 436 1770 x.
448 1715 516 1770 'lieri
528 1715 701 1770 celebrabant.

397 1799 427 1854 Ol
440 1799 467 1854 tt
479 1797 551 1852 ἄλλοι
563 1800 612 1870 οὐχ
621 1801 687 1853 οὕτω
699 1804 820 1869 ποιοῦσιν]
833 1797 922 1852 Ἄλλοι
932 1800 1028 1854 debent
1038 1799 1238 1870 εοεοΣιβοναῖοι,
1251 1799 1356 1854 sedrox
1362 1797 1480 1865 Ἐσσηνοῖς

327 1885 484 1952 inducenda,
501 1893 546 1940 aut
561 1883 619 1938 ἀλλ’
633 1883 761 1952 Ἐσσηνοῖς
776 1886 955 1950 scribendum
971 1887 1033 1957 quia
1048 1901 1237 1956 nonnunquam
1253 1885 1348 1939 Esseni
1364 1900 1421 1938 cum
1435 1883 1479 1938 ilis

328 1970 427 2024 Pascha
438 1973 575 2026 celebrant.
587 1973 685 2026 Verum
696 1988 755 2026 eccs
766 1971 798 2025 de
809 1972 915 2026 lissenis
928 1987 1007 2042 supra
1017 1971 1088 2026 haer.
1099 1971 1133 2026 X.
1147 1971 1262 2042 scripsit:
1276 1969 1396 2041 tripatens
1407 1967 1450 2040 γὰρ
1461 1967 1480 2021 ol

328 2053 483 2128 'liccqrolq‘p
501 2057 586 2129 πρώτη
599 2056 686 2129 ἀγωγῇ
704 2057 778 2128 μηδὲν
795 2055 1017 2128 ὑπερβαλλόμενοι,
1029 2062 1057 2110 εἰι
1068 2061 1158 2127 pra'ore
1169 2061 1280 2110 imtituto
1286 2065 1480 2126 permanserant,

329 2144 398 2196 nullu
410 2147 436 2194 a'n
448 2161 477 2194 rc
489 2145 711 2213 tramprcdientee.
734 2143 781 2198 llic
794 2148 881 2198 autem
900 2149 925 2196 et
937 2144 964 2197 in
974 2141 1195 2214 anacephalaeosi
1206 2143 1361 2212 plerumque
1374 2159 1430 2195 cum
1441 2139 1480 2194 Sc·

327 2229 418 2282 huaais
429 2227 497 2282 iesta
506 2233 671 2300 praepostere
684 2229 822 2282 celebrant.
837 2227 891 2290 Qua
903 2239 999 2282 terream
1011 2229 1102 2280 calum
1112 2237 1244 2282 mercantem
1254 2227 1349 2280 Protea
1359 2229 1436 2280 nodet
1445 2227 1479 2278 dn

328 2315 379 2368 duo
396 2320 458 2368 sunt
468 2315 625 2368 Esseuorum
643 2330 753 2385 genera,
768 2321 798 2367 ut
809 2314 925 2368 Serrario
941 2315 1039 2386 placuit
1055 2315 1210 2367 reclamante
1222 2313 1374 2382 Scaligerat
1397 2309 1430 2364 Ut
1442 2311 1481 2364 alii

328 2417 388 2454 cnm
400 2400 538 2465 Sebnaeis,
555 2400 600 2453 alii
616 2417 675 2454 cum
688 2399 826 2454 Gorthenis
838 2405 865 2453 ct
875 2399 1006 2454 Dositheis
1018 2400 1172 2464 habitarint,
1188 2405 1215 2452 et
1226 2415 1316 2452 eorum
1334 2399 1480 2468 quibuscum

329 2485 453 2555 degerent
464 2487 528 2538 ritus
540 2485 567 2538 in
580 2485 705 2539 obeundis
717 2485 845 2540 duntaxat
853 2486 1003 2540 solennibus
1012 2486 1182 2540 imitarentur.
1204 2483 1278 2548 Quod
1288 2485 1394 2554 quidem
1404 2481 1481 2536 studio

328 2571 400 2642 pacis
418 2585 448 2623 ac
459 2570 610 2624 concordiae
621 2571 734 2626 Essenos
750 2572 909 2642 praestitisse
925 2570 1018 2628 horum
1034 2571 1170 2643 disciplina
1181 2569 1331 2642 persuadet,
1348 2585 1415 2641 quaa
1425 2567 1481 2624 nihil

329 2657 382 2710 otio
395 2671 425 2710 ac
437 2657 523 2729 quiete
534 2657 666 2728 antiquius
677 2655 776 2712 habuit.

614 2811 661 2866 AD
678 2811 846 2865 HAERESIN
863 2811 935 2866 Xlll.
952 2809 1203 2866 postulatorum

396 2913 506 2966 Δοσίθεον
523 2913 549 2966 di
565 2914 660 2974 τούτοις
676 2914 839 2985 διαφέρονται]
868 2915 955 2986 Supra
969 2913 1107 2968 Dositheou
1124 2931 1140 2968 a
1154 2912 1336 2968 communibus
1349 2911 1481 2968 Samarita-

327 3015 422 3056 norum
430 2999 495 3053 odiis
505 3015 534 3052 ac
543 2999 750 3054 contentionibus
760 3002 878 3071 excipere
886 3001 958 3054 risus
968 3005 1020 3053 est:
1033 2999 1097 3066 πλὴν
1107 3002 1156 3052 τῶν
1166 2997 1287 3051 usercen
1298 3000 1383 3068 μόνον.
1395 2999 1483 3052 Verum

328 3087 472 3140 ternarius
494 3101 526 3138 er
542 3085 592 3139 hoo
611 3087 669 3140 loco
687 3103 778 3139 sensus
795 3087 971 3158 superioribus
991 3087 1042 3139 illis
1059 3084 1236 3140 attribuendus
1253 3091 1305 3138 est:
1326 3085 1447 3138 nimirum
1461 3081 1482 3134 le

329 3171 416 3242 βραχεῖ
428 3171 468 3223 acl
479 3167 503 3222 ἔν
515 3187 560 3222 τινι
571 3173 668 3236 ποσῶς,
691 3173 781 3242 paucis
800 3189 829 3225 ac
846 3172 983 3226 leuissimis
1000 3172 1027 3224 in
1038 3172 1115 3225 rebus
1128 3171 1353 3224 Samaritanorum
1363 3170 1481 3224 factiones

329 3273 384 3310 ase
395 3257 506 3310 invicem
517 3256 664 3322 dissentire,
681 3262 782 3328 praeter
793 3258 943 3324 Dositheou,
959 3274 1012 3310 nou
1025 3259 1069 3328 qui
1081 3256 1144 3311 nihil
1157 3273 1172 3310 a
1184 3257 1291 3310 caeteris
1303 3256 1481 3327 discreparent.

329 3342 374 3396 sed
386 3342 431 3412 qui
442 3359 494 3394 non
506 3343 607 3409 leuiter,
624 3347 653 3397 ut
663 3343 713 3412 illi,
731 3343 775 3397 sed
791 3344 945 3412 gravissime
957 3343 1117 3398 dissiderent.
1146 3340 1262 3396 Dosithei
1274 3357 1352 3412 porro
1363 3347 1417 3395 tarn
1428 3347 1481 3394 anta

329 3427 473 3492 Christum,
486 3441 564 3496 quam
580 3435 641 3498 post
652 3445 712 3482 eum
724 3429 868 3499 complures
881 3429 1034 3494 extiterunt3
1046 3435 1073 3482 et
1083 3428 1265 3482 nonnullorum
1277 3427 1346 3497 apud
1358 3427 1480 3482 liebrasos

327 3513 435 3568 mentio.
454 3511 521 3565 Nam
532 3517 659 3576 innota
671 3513 781 3568 Dosthai
791 3514 985 3580 eatDositheus,
998 3514 1067 3584 qnod
1078 3515 1174 3568 irnsua
1185 3518 1308 3582 negatum
1321 3512 1480 3584 aScaligero.

328 3599 363 3654 nt
379 3599 406 3652 in
418 3613 472 3668 cap.
486 3615 524 3651 ιιι.
535 3597 610 3652 Pirle
622 3597 708 3652 Aboth
720 3599 849 3669 quoddam
859 3600 968 3654 Dosthai
978 3600 1050 3654 lanai
1061 3599 1089 3656 F.
1102 3601 1198 3653 dictum
1209 3603 1378 3662 memoratur,
1391 3599 1481 3670 quoda
1545 3643 1548 3656 .

328 3684 359 3739 n.
371 3685 437 3737 hleir
448 3683 577 3736 didicerat
598 3681 682 3737 Sedis
695 3685 727 3738 ab
739 3684 788 3738 hoc
799 3692 888 3739 nostro
900 3686 1016 3740 diversus
1027 3691 1075 3741 est.
1094 3683 1317 3750 Quemadmodum
1327 3689 1354 3738 et
1362 3683 1480 3746 alterills,

328 3771 403 3824 cuins
414 3769 551 3839 aliquoties
570 3769 694 3839 Origenes
705 3771 824 3824 meminit
845 3788 956 3842 cumque
972 3771 1164 3826 Samaritannm
1180 3770 1293 3840 appellat
1310 3769 1356 3823 lib.
1374 3768 1416 3822 lv.
1433 3766 1480 3836 sepi

328 3853 427 3926 Ἀρχῶν
439 3871 495 3925 cap.
509 3871 545 3919 ιι,
557 3871 604 3910 nec
614 3871 668 3908 nou
680 3861 706 3908 et
717 3856 775 3909 aliis
787 3857 813 3910 in
824 3858 901 3922 locis,
912 3859 1048 3929 praecipue
1060 3863 1151 3912 cenna
1162 3855 1267 3910 Gelsnm
1277 3855 1323 3908 lib.
1334 3871 1362 3908 n.
1391 3854 1480 3908 Verum

329 3941 459 4011 antiquior
470 3945 510 3993 est
520 3939 715 4010 Epiphanianua
727 3941 789 4004 istc,
804 3957 820 3994 a
832 3959 883 4012 quo
895 3942 1059 3996 Sadducaeos
1070 3947 1227 4014 propagatos
1239 3955 1298 3994 esse
1309 3955 1372 3994 mox
1384 3939 1480 4002 indicat,

330 4025 490 4096 quiquidem
502 4025 597 4080 Christi
608 4031 694 4080 ortum
704 4027 849 4080 antecessit.
877 4027 915 4082 De
928 4028 1051 4082 Dositheo
1063 4033 1089 4082 et
1099 4027 1265 4082 Dosithcanis
1277 4027 1335 4096 lege
1352 4041 1418 4096 quae
1429 4039 1481 4078 eru·

330 4111 381 4166 dite
393 4111 524 4165 Serrarius
534 4117 624 4166 noster
634 4113 661 4165 in
670 4113 807 4168 Minervali
817 4113 930 4185 disputat
941 4115 984 4168 lib.
996 4113 1039 4170 lv.
1051 4131 1106 4185 cap.
1118 4133 1143 4179 x,
1154 4133 1182 4168 rr
1194 4119 1220 4166 et
1231 4130 1277 4166 ιιι.

243 4227 264 4266 p.
273 4214 305 4260 τι,
397 4194 600 4269 Ἐγκροιτεβονται
611 4194 659 4250 c'rrr'o
671 4196 759 4268 γάμων
772 4195 832 4269 μετὰ
843 4199 872 4252 rb
885 4199 990 4271 βιῶσαι.)
1008 4200 1095 4254 Potest
1106 4199 1169 4254 illud
1179 4195 1238 4270 psai
1251 4197 1280 4249 rb
1291 4197 1377 4266 βιῶσαι
1386 4195 1480 4250 duobus

329 4283 414 4337 modis
426 4283 522 4354 accipi3
535 4285 670 4354 utrobique
683 4281 846 4345 illsrmradsc.
875 4285 947 4340 Alter
958 4295 988 4340 ut
999 4284 1023 4338 tv
1035 4289 1072 4356 τῷ
1084 4284 1159 4356 γάρῳ
1171 4283 1352 4348 subaudiatur,
1364 4283 1439 4346 alter,
1453 4285 1480 4333 ut

330 4368 364 4422 ad
375 4371 479 4438 γυναῖκα
489 4371 625 4438 pertineat
658 4369 732 4424 Prior
748 4371 926 4441 interpretatio
943 4371 1152 4442 simpliciorem,
1168 4385 1279 4441 eamque
1290 4367 1427 4422 Carnarius
1442 4380 1479 4420 ss·

331 4459 405 4507 cutus
417 4459 465 4508 est.
494 4453 523 4508 lu
534 4455 616 4508 altera
631 4455 660 4507 rb
674 4456 760 4524 βιῶσαι
771 4457 840 4510 idem
852 4463 892 4510 est
903 4473 934 4509 so
949 4467 1069 4510 ιιιονιιιαηι
1083 4473 1147 4521 esre,
1163 4465 1194 4510 ut
1209 4455 1277 4526 apud
1292 4453 1397 4507 Latinos
1413 4455 1478 4513 eutr,

332 4538 434 4607 βεβίωκε
445 4539 512 4610 apud
524 4539 653 4596 Plutarch.
664 4541 692 4596 in
704 4541 835 4598 Cicerone.
852 4542 906 4598 Nos
918 4549 1053 4613 utramque
1065 4559 1125 4597 cnm
1136 4543 1347 4612 aovnorisscmus,
1358 4537 1478 4610 posterior

330 4623 359 4680 in
371 4629 522 4680 contextum
535 4631 646 4697 recepta.
