3252 5158
309 373 413 430 ccxvt

308 530 433 599 simisque
445 528 589 583 rationibus
602 529 732 582 evertitur.
767 529 819 583 Sed
830 533 959 601 repugnat
969 545 1031 600 pree
1043 529 1151 584 ceeteffl
1166 529 1322 600 gramsdma
1337 527 1368 586 8.
1379 528 1478 584 Leon&

308 613 466 669 sanctissimi
476 614 607 685 pontificis
620 615 773 679 auctoritas,
791 617 836 685 qni
853 613 919 669 banc
935 613 1140 685 profitendarum
1157 615 1261 686 publice
1272 615 1403 669 scabrum
1414 631 1478 668 ean·

308 699 471 754 suetudinem
491 706 616 770 tauquam
637 701 795 772 spostolicae
815 701 921 770 regulus
942 701 1097 754 annuariam
1117 701 1249 772 improbat
1265 699 1384 772 Epistola
1395 717 1476 756 nm.

307 803 364 857 cap.
377 785 401 838 2.
437 784 516 838 Gaius
528 787 608 840 rerba
619 784 660 839 hio
673 786 778 838 omniuo
791 785 960 840 describenda
970 792 1039 839 eunt.
1074 787 1165 852 Illam,
1181 787 1278 858 inquit,
1294 791 1372 838 etiarn
1385 795 1477 839 coen

308 873 474 942 apostolicam
489 871 604 940 rapulam
616 875 860 940 praesumptionem,
877 889 952 941 quam
970 889 1050 942 isuper
1067 875 1160 940 apuam
1178 892 1195 926 a
1213 873 1362 942 quidusdam
1379 873 1477 924 illicito

307 959 471 1026 usurpatione
483 951 613 1021 committi,
628 958 708 1010 enodis
719 957 831 1010 omnibus
843 959 964 1010 corretituo
975 955 1116 1010 submoueri
1127 958 1170 1018 (de
1177 961 1336 1027 poenitentia
1347 957 1477 1022 uidelicet,

308 1061 372 1112 qaae
384 1047 421 1094 ito
434 1062 451 1094 a
457 1042 577 1111 fidelibus
585 1043 755 1112 postulatur),
773 1059 803 1092 ne
817 1043 847 1094 de
863 1043 1016 1109 sirrpalorum
1024 1051 1190 1112 peecatorum
1200 1061 1293 1112 perere
1304 1044 1401 1096 libellis
1410 1047 1477 1096 aen·

303 1139 353 1197 pta
363 1130 487 1196 professio
494 1127 598 1196 publice
609 1131 737 1190 recitetur,
751 1145 805 1178 cum
818 1137 904 1179 reatus
921 1131 1131 1180 conscientiarum
1146 1131 1264 1197 sufficiat
1277 1130 1339 1181 salia
1353 1129 1478 1182 eamda-

309 1213 406 1266 dotidus
418 1214 536 1264 indicari
547 1215 701 1281 consessione
711 1221 819 1264 secreta.
857 1212 978 1273 Quamuis
995 1217 1060 1265 euim
1071 1214 1205 1283 plenitudo
1210 1215 1277 1283 fidei
1286 1216 1407 1266 neeesse
1422 1231 1477 1266 esee

308 1298 456 1362 laudando,
472 1315 536 1366 quae
547 1305 656 1367 propter
668 1299 710 1350 dei
721 1301 831 1350 timorem
844 1299 916 1367 apud
926 1297 1037 1352 leminea
1048 1299 1194 1352 erubescere
1206 1317 1254 1351 reon
1265 1310 1375 1362 anetae,
1392 1307 1479 1352 man

308 1388 368 1452 quio
380 1401 428 1434 non
440 1386 547 1436 omnium
559 1381 701 1435 leuiusmorli
711 1392 901 1452 euntpsccato,
918 1393 947 1436 at
961 1401 1006 1448 ea,
1024 1401 1088 1452 quae
1096 1387 1279 1453 paenitentiam
1285 1394 1410 1454 pmeant,
1427 1399 1478 1436 teon

258 1465 261 1470 ⁸
308 1472 413 1520 timeant
416 1468 733 1538 publicare,remoceatur
742 1477 793 1520 tam
802 1469 977 1538 improbabilis
986 1471 1190 1532 consuetudo,ne
1199 1471 1271 1522 malti
1278 1488 1295 1520 o
1300 1472 1478 1539 poenitentiae

308 1555 427 1606 remediis
439 1563 585 1616 arceantur,
599 1555 656 1606 dam
669 1561 715 1605 aut
725 1554 884 1618 nubserunt,
901 1563 946 1606 aut
962 1563 1074 1606 metuunt
1083 1557 1196 1606 inimicis
1206 1571 1253 1606 eun
1259 1557 1340 1623 sacta
1351 1557 1477 1616 merare,

308 1638 396 1709 quibas
402 1642 503 1707 possim
512 1641 592 1707 lepum
605 1642 779 1691 consulatione
786 1639 903 1708 percelli.
936 1639 1039 1708 Sufficit
1049 1642 1113 1691 enim
1125 1641 1174 1692 illa
1190 1643 1324 1708 consano,
1340 1655 1406 1708 quae
1417 1641 1477 1708 pri·

309 1742 373 1776 mum
386 1725 430 1776 deo
442 1727 556 1793 offertur,
567 1731 616 1776 turn
629 1729 706 1776 etiam
717 1726 859 1788 socmdoti,
876 1727 920 1793 qni
930 1742 981 1793 pro
1000 1725 1100 1776 delictis
1112 1729 1282 1793 poenitentum
1293 1731 1419 1794 precatm
1431 1741 1478 1776 at·

311 1810 385 1864 cedit.
419 1807 466 1862 His
486 1810 624 1862 verborum
641 1809 879 1877 sententiarumque
903 1808 1056 1862 fulminibus
1076 1815 1252 1864 commentum
1271 1808 1336 1862 iliad
1354 1808 1477 1880 publicae

309 1893 481 1948 confessionis
493 1893 647 1964 percellitur.
683 1893 711 1947 Si
724 1894 793 1947 euim
805 1910 838 1946 ne
850 1893 996 1947 volentibus
1009 1894 1113 1964 quidem
1125 1900 1203 1965 atque
1215 1895 1282 1948 ultro
1292 1891 1477 1966 duginna-arn

308 1980 446 2034 criminum
462 1981 513 2033 reis
530 1980 633 2051 publice
649 1981 699 2032 ista
716 1981 881 2050 pronunciari
897 1995 991 2050 pessus
1010 1986 1061 2045 est,
1077 1995 1188 2050 eamque
1205 1989 1294 2034 canna
1309 1982 1477 2034 anamne-

275 2100 282 2116 .
309 2068 474 2136 apostolicam
482 2069 712 2136 praeumptionem
725 2080 782 2118 esse
800 2064 902 2130 definit,
919 2069 991 2118 estne
1007 2071 1036 2118 ut
1052 2065 1177 2118 reiectum
1194 2082 1225 2120 ab
1241 2065 1394 2120 manuum
1408 2065 1478 2120 nuti

308 2151 438 2222 pontificis
455 2151 550 2204 iudicio
566 2167 665 2205 morem
681 2151 827 2220 legitimum
844 2150 985 2220 aliquando
1003 2151 1085 2204 tuisse
1100 2156 1222 2221 putemus
1245 2157 1271 2204 et
1287 2152 1423 2206 communi
1440 2152 1475 2206 ab

309 2237 430 2291 omnibus
442 2237 566 2290 eeclesiae
578 2238 633 2289 inre
645 2241 795 2289 serratum?
829 2236 933 2288 Atesim
944 2237 1060 2306 plerique
1072 2237 1110 2290 sie
1121 2236 1289 2306 respondent:
1315 2236 1432 2290 Leonem
1443 2237 1476 2290 de

309 2322 416 2376 occultis
434 2322 562 2375 duntaxat
579 2321 729 2374 criminibus
747 2321 832 2390 loqui,
851 2335 917 2390 quas
930 2322 1031 2391 publice
1047 2321 1165 2375 confiteri
1179 2338 1256 2376 nemo
1273 2322 1404 2386 debuerit,
1421 2339 1476 2376 nan

309 2415 396 2460 eutem
413 2407 444 2459 de
461 2407 586 2477 publicis,
604 2422 670 2475 quae
681 2407 759 2459 unica
771 2406 891 2476 publicae
903 2405 1074 2461 confessionis
1087 2421 1164 2476 seges
1176 2407 1270 2462 extitit.
1304 2406 1476 2462 Commodias

308 2494 352 2546 isti
370 2509 447 2558 sane,
466 2491 511 2561 qni
528 2491 561 2544 ab
577 2489 625 2544 hae
642 2491 740 2560 publici
751 2490 809 2560 lege
821 2491 953 2545 dedecoris
967 2493 1068 2546 occulta
1079 2493 1173 2546 saltem
1190 2493 1335 2563 excipiunt:
1353 2492 1426 2563 quod
1442 2507 1477 2546 ne

309 2578 354 2630 alii
370 2577 475 2646 quidem
491 2577 634 2629 remittunt.
669 2575 784 2639 Quorum
801 2578 929 2630 nonnulla
945 2577 1076 2630 temeritas
1088 2577 1232 2631 Tridentini
1250 2578 1354 2631 consilii
1365 2593 1430 2632 rooe
1445 2593 1477 2631 aa

309 2661 412 2716 decreto
423 2667 536 2716 notatur.
563 2659 666 2714 Etenim
678 2659 749 2716 Sese.
758 2679 811 2716 arv.
825 2679 913 2733 capu.
926 2678 986 2715 eum
998 2662 1129 2716 docuisset
1140 2663 1270 2734 publicam
1282 2662 1476 2717 comessionem

310 2747 377 2800 nullo
389 2749 474 2800 diuino
481 2754 621 2816 praecepto
633 2749 782 2799 rnarndatom
794 2747 888 2812 tuisse,
900 2749 989 2801 statim
1001 2746 1101 2811 adiicit,
1114 2765 1159 2800 nec
1168 2753 1234 2800 eous
1242 2749 1353 2800 consulte
1361 2749 1476 2802 sanam

310 2834 398 2904 aliqua
407 2834 461 2900 lepe
465 2835 670 2902 praeciperetur,
683 2843 711 2884 ut
719 2833 826 2896 delicta,
832 2837 987 2902 praesertim
996 2841 1108 2895 secreta,
1114 2833 1222 2902 publico
1231 2842 1311 2886 emeat
1319 2838 1477 2903 constemens

309 2919 459 2990 operiendo.
494 2915 616 2970 Divinum
628 2933 733 2988 prorsus
745 2933 775 2970 aa
786 2924 860 2972 tauto
873 2933 998 2972 consessu
1010 2918 1118 2988 dignum
1137 2919 1283 2984 oraculum,
1299 2935 1334 2972 ex
1352 2935 1406 2988 qna
1421 2937 1477 2974 nau

308 3004 386 3058 modo
398 3002 430 3055 de
442 3008 600 3056 secretorum
612 3003 762 3067 criminum,
774 3003 819 3056 sed
832 3003 911 3057 etiam
922 3003 1086 3074 publicorum
1097 3003 1202 3073 publiea
1213 3003 1374 3074 professione
1386 3007 1477 3076 colligi

308 3095 394 3162 potest
405 3089 477 3142 nulla
488 3104 604 3158 nuquam
616 3087 741 3153 bumana,
752 3087 802 3142 hoe
815 3095 855 3142 est
866 3088 1042 3142 ecclesiastica
1053 3089 1124 3158 lege,
1142 3105 1221 3158 quam
1236 3089 1324 3144 diuino
1334 3097 1476 3161 praerepto

308 3175 451 3229 Tridentini
462 3180 549 3244 patres
561 3179 708 3244 opponunt,
725 3174 920 3244 poenitentibus
934 3173 1083 3244 impositam
1099 3173 1193 3238 inisse,
1210 3191 1239 3228 sc
1256 3192 1289 3228 ne
1305 3175 1407 3246 imponi
1419 3178 1476 3246 qai·

309 3261 368 3314 dem
379 3260 518 3330 prudenter
529 3261 653 3328 potuime.
688 3258 821 3328 Siquidem
834 3275 886 3312 vax
902 3259 946 3313 illa
954 3263 1106 3330 praesertin
1119 3258 1185 3314 hanc
1196 3258 1275 3314 habet
1286 3261 1355 3326 rim,
1372 3265 1403 3314 ut
1418 3277 1476 3314 cae·

308 3351 365 3400 tere
377 3361 480 3414 quoque
492 3361 585 3414 parum
594 3345 710 3397 consults
719 3344 886 3414 pronunciari
894 3350 1055 3410 censeantur,
1067 3343 1183 3414 adeoque
1193 3361 1258 3415 quas
1267 3344 1360 3399 deillis
1368 3347 1476 3417 publice

310 3430 462 3486 confitendis
474 3431 527 3482 lats
537 3429 615 3482 fuerit
625 3431 668 3483 lex
681 3429 829 3482 inconsulta
839 3431 874 3483 sit
884 3431 1043 3500 minimeque
1055 3429 1179 3500 prudens,
1196 3431 1245 3484 etsi
1259 3431 1342 3484 altera
1358 3447 1427 3501 quae
1443 3431 1475 3486 de

309 3517 416 3570 secretis
427 3515 496 3568 idem
508 3520 644 3579 statueret,
655 3514 806 3585 prudentiae
819 3515 904 3568 minus
915 3514 1019 3570 babent.
1047 3517 1163 3586 Apparet
1172 3516 1253 3586 igitur
1264 3531 1298 3569 ex
1310 3516 1476 3573 Tridentino·

308 3619 367 3655 rum
378 3599 426 3655 PP.
443 3617 522 3653 sensu
539 3601 638 3652 nnllam
655 3615 770 3669 unquam
788 3600 934 3654 istiusmodi
951 3602 1037 3670 legem
1055 3601 1188 3666 extitisse,
1207 3617 1272 3670 quas
1290 3599 1323 3654 ad
1341 3601 1477 3673 patticam

309 3701 521 3758 quoruncumque
533 3689 697 3756 peecatorum
710 3685 901 3739 confessionem
912 3687 1074 3756 poenitentes
1087 3685 1266 3756 adstringeret.
1284 3683 1369 3750 Quas
1378 3687 1475 3744 Leonis

309 3774 389 3826 etiam
401 3771 531 3824 decretum
543 3769 575 3824 ad
588 3769 676 3823 omnis
690 3776 854 3840 peecatorum
870 3785 966 3840 genera
982 3771 1101 3842 pertinet.
1135 3771 1221 3841 Atque
1232 3772 1274 3825 tel
1291 3787 1324 3825 ex
1341 3790 1386 3837 eo,
1404 3773 1475 3844 quod

271 3852 278 3865 ¹
309 3857 439 3912 interiisti
450 3861 587 3926 coguntur,
603 3856 708 3926 publiea
724 3857 810 3908 solum
827 3855 934 3909 crimine
946 3855 1197 3920 confitendaiuisee,
1214 3873 1267 3910 non
1285 3859 1401 3924 occulta,
1416 3859 1476 3914 uat-

308 3943 362 3996 lem
374 3942 479 3996 omniuo
491 3941 681 3995 confessionem
691 3941 820 4010 publicam
832 3942 892 4010 legs
901 3941 1069 3996 consumtum
1078 3957 1135 3994 esse
1144 3941 1304 3996 validissime
1312 3944 1475 4013 probabitnr.

309 4028 411 4082 Etenim
424 4044 484 4082 cum
500 4027 532 4081 ob
550 4027 670 4096 grauiora
685 4025 813 4080 duntaxat
829 4033 854 4078 et
870 4027 990 4096 ospitalis
1006 4027 1104 4080 scelera
1115 4027 1274 4096 poenitentia
1284 4027 1390 4098 publiea
1401 4045 1475 4099 prue-

310 4115 463 4183 scriptasit,
476 4112 521 4182 qui
532 4110 596 4164 baso
606 4111 709 4181 publice
722 4111 894 4182 omnibusque
904 4113 1014 4165 consciis
1024 4112 1182 4176 admisisset,
1195 4128 1255 4166 oum
1267 4113 1369 4183 publice
1380 4121 1476 4184 possea

309 4200 464 4271 poeniteret,
481 4197 541 4268 qnid
559 4212 590 4250 es
605 4195 722 4250 confiteri
734 4212 839 4256 neeesse
851 4196 951 4261 babuit,
969 4205 1014 4250 aut
1026 4199 1070 4268 qui
1082 4197 1184 4250 tandem
1197 4198 1287 4252 inillis
1298 4198 1403 4269 publice
1414 4216 1475 4269 pro·

309 4284 413 4338 fitondis
425 4283 507 4354 pudor
518 4298 550 4335 ao
561 4282 729 4346 verecundia,
747 4282 789 4334 cui
800 4282 827 4334 in
839 4282 990 4352 abroganda
1001 4282 1165 4336 consessione
1177 4281 1310 4336 Nestorius
1324 4285 1475 4338 consuitmn

311 4387 368 4424 esse
379 4371 512 4424 voluerat?
547 4367 665 4430 Queritnr
677 4365 837 4421 Sozosneuns
853 4368 957 4421 sublato
969 4365 1017 4420 boe
1033 4369 1103 4438 ipso,
1120 4367 1292 4440 quodcunque
1304 4369 1411 4424 undem
1422 4369 1474 4424 Ne-

311 4457 406 4509 ctarius
419 4454 574 4524 antiquavit,
586 4453 657 4505 relat
667 4451 755 4505 iraeno
769 4453 880 4522 quodam
892 4453 1018 4516 detracto,
1029 4453 1155 4506 msiorem
1164 4454 1198 4506 ed
1207 4470 1283 4508 omne
1295 4455 1381 4510 scelus
1393 4455 1473 4510 deen-

311 4541 375 4593 tism
385 4537 504 4592 homines
514 4536 650 4602 habuisse,
667 4553 726 4590 oum
742 4545 802 4590 ants
814 4541 855 4603 τῆς
867 4536 1008 4608 ἐξαγγελίας
1022 4543 1105 4590 metus
1117 4537 1176 4592 illos
1188 4555 1219 4592 ae
1231 4539 1388 4594 uerecundia
1399 4541 1471 4595 coir·

312 4629 389 4678 neret.
422 4621 510 4677 Nostri
520 4621 569 4676 hoo
582 4621 614 4675 ad
625 4621 758 4692 publicam
769 4622 959 4678 comessionem
970 4621 1136 4677 transierunt
1171 4623 1212 4690 si,
1229 4631 1259 4678 ut
1269 4625 1376 4692 rolant,
1385 4625 1471 4696 publi·
