3252 5158
1168 349 1293 410 ucuxm

133 511 305 565 totecclesias
316 511 470 564 acatholica
481 511 664 566 communione
676 509 842 576 discinderet,
855 523 914 564 cnm
923 514 1100 564 antecessores
1105 509 1221 564 ,semme
1228 525 1292 580 pon·

131 595 216 649 titices
228 611 288 650 cum
297 597 403 650 illorum
414 595 545 666 episcopis
552 613 644 667 paoem
656 597 870 666 concordiamque
879 596 1031 650 tenuissent.
1048 595 1116 650 Nam
1127 601 1154 648 et
1162 596 1293 661 Anicetus,

130 679 201 744 Pius,
213 681 340 751 Hyginus,
352 681 524 752 Telesphorus
533 682 669 751 ethstns
678 681 733 734 ultre
746 679 815 734 nicol
823 679 941 750 lrrlpqacs
951 681 1104 751 (Asiaticam
1112 681 1293 750 Iudaicsmque

130 767 367 835 concussissent,
377 765 432 817 οὔτι
438 763 585 836 par‘cbrobe
595 764 733 836 trispastos.
745 767 779 820 lit
786 765 954 820 nihilominus
963 767 1036 820 aliter
1043 766 1214 820 sentientibus
1223 779 1293 819 oom-

128 852 282 906 munionem
290 852 481 922 impertiebant.
492 852 561 905 llaec
567 851 696 906 Eusebius
704 867 738 906 ea
744 852 863 906 hanaen:
873 853 967 922 quibus
974 851 1145 921 Scaligeriani
1154 851 1294 906 commenti

128 935 233 988 mettas
242 936 380 1007 detegitur,
392 949 443 1006 quo
453 945 556 990 centum
566 944 626 1008 post
633 937 766 1008 apostolos
775 939 851 991 annis
860 937 996 990 ecclesiam
1005 936 1108 991 Indaioe
1116 936 1214 1007 pascha
1221 953 1293 1007 pste-

129 1021 203 1088 gisse
215 1021 349 1075 confinxit
367 1020 459 1092 Coepit
470 1023 540 1078 enim
551 1022 642 1076 Sixtns
653 1023 759 1076 Traiani
770 1028 899 1093 tempore,
911 1024 980 1076 circa
990 1039 1088 1076 annum
1101 1009 1200 1077 Christi
1205 1037 1292 1086 casa,

128 1121 185 1159 non
196 1097 287 1176 u'tiqna
298 1114 403 1160 centnm
415 1107 490 1160 annis
502 1113 563 1178 post
574 1109 719 1178 apostolos,
737 1109 782 1179 qui
798 1113 886 1162 tamen
904 1123 988 1178 neque
1004 1109 1060 1178 ipse
1074 1107 1177 1162 ludaico
1187 1107 1292 1160 iunctus

128 1197 184 1257 ast,
201 1207 286 1262 neque
304 1209 467 1246 successores
484 1209 546 1246 suos
563 1193 639 1264 iungi
655 1192 744 1248 voluit.
778 1193 857 1247 Addit
873 1193 979 1264 quidem
990 1193 1111 1247 Irenaeus
1121 1193 1294 1262 Polycarpum

129 1293 162 1328 ea
173 1283 275 1330 mutare
286 1277 402 1332 noluisse
414 1293 481 1348 quae
492 1294 508 1331 a
520 1276 615 1332 Ioanne
627 1285 654 1331 et
663 1279 771 1332 caeteris
784 1279 909 1350 apostolis
921 1278 1053 1343 didicerat,
1064 1279 1221 1348 quibuscum
1233 1293 1292 1332 oon·

128 1369 259 1418 sueverat.
282 1363 378 1416 Verum
389 1365 567 1433 apostolorum
578 1364 682 1418 nomine
694 1381 740 1418 eos
752 1365 877 1435 appellnt,
889 1364 935 1434 qni
947 1364 1065 1434 discipuli
1077 1363 1172 1417 Christi
1181 1365 1293 1429 morant,

128 1453 176 1500 aut
193 1447 228 1500 ab
244 1449 370 1518 apostolis
387 1447 488 1502 erufflti
522 1448 589 1502 Nam
605 1465 665 1502 cum
680 1465 733 1502 nno
750 1449 878 1502 duntaxat
892 1449 1011 1519 apostolo
1028 1449 1123 1502 losnne
1134 1449 1292 1519 Polycarpus

128 1533 229 1586 vomeri
246 1534 338 1602 potuit.
372 1532 478 1586 Petrum
490 1539 558 1587 certe
570 1533 731 1604 Paulumque
743 1550 827 1605 neque
838 1533 924 1587 ridere
939 1535 1036 1604 potuit,
1052 1549 1137 1603 neque
1153 1535 1293 1604 quicquam

128 1618 164 1670 ab
175 1617 229 1674 illis
240 1617 365 1672 nmmum
377 1619 500 1689 accipere.
536 1617 709 1683 Quamobrem
725 1625 754 1674 ut
764 1620 901 1684 loannem,
919 1624 963 1672 aut
976 1633 1074 1688 pancos
1085 1618 1191 1690 insuper
1203 1633 1237 1671 ex
1248 1617 1292 1671 do·

127 1703 195 1756 mini
210 1701 345 1773 discipulis
361 1703 464 1756 locales
480 1704 577 1774 pascha
592 1705 725 1776 peregisse
742 1705 896 1759 concedatur
911 1704 939 1756 in
951 1704 1014 1756 Asia
1029 1707 1190 1773 (quanquam
1206 1703 1237 1756 de
1253 1704 1292 1757 ln-

128 1804 199 1840 anna
217 1794 298 1858 negat
314 1788 383 1842 istud
400 1789 428 1841 in
445 1789 785 1846 Tessarescaedecutitarum
801 1788 902 1842 haeresi
913 1787 1133 1856 'mosomenses
1149 1787 1292 1842 haereticos

126 1873 195 1925 istos
207 1887 343 1943 perperam
353 1873 425 1926 illins
436 1879 552 1928 mentem
564 1875 696 1945 acecpisse
708 1875 805 1944 deusti:
820 1873 865 1926 sed
877 1879 906 1926 ut
916 1875 954 1926 ita
964 1873 1088 1927 loannem
1099 1875 1185 1943 egisse
1196 1873 1294 1944 pascha

126 1973 183 2010 non
194 1957 348 2023 inficiemur,
361 1975 414 2012 non
426 1959 533 2014 dubium
544 1965 632 2012 tamen
648 1967 700 2025 est,
718 1961 780 2030 quin
798 1959 872 2012 aliter
889 1959 999 2030 apostoli
1016 1959 1112 2012 caeteri
1124 1975 1154 2012 ac
1165 1959 1293 2030 discipuli,

126 2057 273 2112 eorumque
285 2043 414 2114 principes
426 2045 516 2098 Petrus
528 2061 559 2098 ac
570 2045 667 2098 Paulus
679 2061 738 2098 cum
755 2044 942 2098 celebraverint
956 2043 1019 2114 ipsi,
1035 2049 1091 2096 tum
1108 2045 1292 2098 celebrandum

126 2124 252 2197 deinceps
264 2127 400 2184 edixerint.
430 2129 510 2184 Onius
521 2131 559 2184 rei
571 2135 725 2200 argumento
738 2129 870 2200 estquod,
882 2136 911 2182 ut
923 2128 1109 2183 Constantinus
1120 2129 1147 2182 iu
1159 2131 1292 2199 superiore

126 2213 241 2282 epistole
257 2219 283 2266 et
293 2211 423 2268 Eusebius
439 2215 517 2268 citato
533 2215 590 2268 loco
608 2220 766 2278 memorant,
783 2219 854 2266 totns
870 2229 937 2284 pene
948 2221 1074 2268 terrarum
1087 2215 1168 2278 orbis,
1186 2214 1234 2269 hoc
1252 2223 1293 2269 est

125 2299 350 2367 praetermissos
362 2306 388 2353 st
399 2315 496 2370 pancos
508 2301 609 2371 aliquot
618 2301 762 2371 episcopos,
774 2297 914 2352 catholicae
925 2315 956 2352 sc
968 2300 1101 2354 Rommm
1112 2301 1292 2354 consuetudini

125 2384 245 2438 uniret.
282 2381 355 2438 Unde
365 2386 473 2455 planum
485 2392 525 2438 est
536 2387 656 2440 ecclesias
668 2385 743 2447 istas,
760 2401 838 2454 quem
854 2401 870 2437 a
886 2385 1023 2454 primaeui
1035 2385 1135 2454 origine
1147 2391 1173 2438 et
1183 2386 1217 2439 ab
1229 2403 1291 2456 apo·

126 2468 204 2521 stolis
216 2468 249 2522 iis
260 2470 383 2539 aquibus
395 2475 470 2523 erent
479 2469 603 2524 laudatae
614 2471 692 2524 ritum
704 2475 870 2539 acceperant,
882 2485 941 2524 eum
952 2477 1077 2541 perpetuo
1088 2487 1214 2524 servasse.
1243 2471 1290 2525 So·

126 2559 214 2608 males
224 2569 287 2607 vero
299 2555 361 2624 qnid
373 2571 451 2626 snper
466 2570 498 2608 ea
513 2571 540 2609 re
558 2554 709 2626 prodiderit,
726 2570 787 2624 pag.
800 2554 857 2608 295.
875 2556 1018 2612 retulimus.
1052 2555 1118 2608 Huic
1135 2563 1161 2609 et
1177 2555 1290 2610 Eusebio

126 2644 306 2692 comentsnea
317 2641 406 2694 scribit
421 2638 581 2710 Nicephorns
598 2640 642 2694 lib.
655 2657 690 2693 ιν.
709 2655 765 2710 cap.
778 2657 868 2696 xxxvi.
887 2645 913 2694 et
929 2641 974 2694 lib.
985 2659 1032 2696 xm.
1050 2656 1106 2711 cap.
1119 2657 1213 2696 axam.
1236 2640 1290 2694 Neo

125 2723 200 2777 alind
219 2725 338 2789 omuino,
356 2741 435 2795 quarn
453 2726 522 2795 quod
539 2725 684 2796 superiores
700 2725 757 2790 isti,
775 2725 806 2778 de
822 2725 1000 2780 Romanorum
1015 2726 1048 2778 ab
1060 2727 1184 2795 apostolis
1196 2727 1291 2780 tradita

124 2809 317 2863 consuetudine
332 2808 452 2881 disputat.
488 2810 573 2874 Quare
589 2809 721 2864 manifesti
738 2825 796 2862 sese
813 2809 941 2865 mendacii
958 2810 1062 2880 alligat,
1079 2812 1125 2880 qui
1140 2811 1289 2876 Eusebium,

123 2893 302 2966 Nicephorum
315 2903 340 2949 et
352 2896 553 2950 ecclesiasticam
562 2901 674 2948 veterem
683 2893 819 2950 historiam
830 2895 864 2948 sd
872 2896 965 2949 erroris
977 2896 1019 2950 sui
1026 2895 1198 2966 patrocinium
1210 2911 1289 2952 ausus

124 2986 168 3034 eat
180 2979 317 3035 adducere.

124 3134 343 3192 ostsunltus
362 3135 410 3190 EX
430 3133 698 3190 semiustilatum}
718 3133 910 3189 DOCTRINAE
929 3135 1104 3191 Psillclrlls
1122 3135 1290 3201 QUANTUM
1315 3157 1388 3208 peon

188 3223 212 3276 A
230 3219 347 3276 scipso
364 3221 398 3274 IN
417 3218 897 3276 uussssuscsunucallrsuum
914 3221 1021 3276 cleto
1039 3221 1226 3277 Dissiliunt.

164 3329 169 3342 “
194 3323 284 3393 Pergit
303 3323 422 3394 Scaliger
437 3331 463 3377 et
473 3321 765 3377 'lassarescsedeualitas
782 3324 841 3376 illos
853 3325 958 3389 asserit,
975 3331 1004 3378 ut
1014 3332 1040 3378 st
1050 3326 1196 3395 apostolos,
1215 3327 1288 3395 cyclo

121 3425 197 3463 mers
209 3408 314 3462 ludaico
326 3425 388 3462 usos
400 3425 471 3473 esse,
482 3413 509 3462 et
520 3425 553 3462 ea
564 3408 670 3480 periodo
679 3409 854 3474 Alexandrea,
866 3411 919 3464 sive
929 3407 1074 3482 (ialipplca,
1086 3411 1231 3483 desumpto.
1248 3411 1288 3466 ux

124 3511 179 3566 quo
192 3495 303 3564 contigit
314 3501 343 3548 ut
353 3494 483 3550 interdum
498 3500 552 3548 teto
569 3509 659 3548 mense
676 3509 692 3546 a
708 3493 834 3548 catholico
851 3495 972 3566 paschate
983 3501 1099 3550 smmum
1115 3498 1218 3552 illorum
1234 3503 1288 3552 tam

122 3578 468 3634 tessarescaedecatitarum
478 3595 556 3648 quarn
566 3580 644 3632 etiarn
653 3579 830 3650 apostolorum
837 3580 935 3651 pascha
945 3580 1065 3646 differret,
1076 3583 1143 3636 utin
1155 3584 1227 3651 cyclo
1232 3601 1288 3638 vnl.

123 3673 152 3720 et
164 3683 221 3719 ιιι.
256 3664 322 3717 Nam
340 3681 399 3718 cnm
417 3665 485 3718 anni
495 3665 533 3718 illi
549 3665 576 3718 in
590 3664 694 3718 ludalco
706 3666 779 3735 cyclo
791 3682 943 3719 communes
955 3667 1020 3731 siut,
1037 3669 1064 3720 in
1076 3667 1189 3720 Nicseno
1201 3674 1288 3722 antem

124 3758 152 3804 et
160 3749 233 3821 apud
243 3749 433 3804 Alexandrinos
442 3767 473 3803 ac
481 3748 620 3803 catholicos
630 3749 807 3816 embolimaei,
818 3751 1115 3807 Tessarescaedacatitae
1132 3758 1157 3805 et
1166 3753 1211 3822 qui
1220 3754 1288 3823 ipso·

122 3851 186 3890 rum
203 3836 283 3888 ritum
303 3835 418 3906 amplexi
434 3836 538 3890 suntin
554 3834 637 3888 Nisan
654 3835 758 3890 ludaico
775 3835 873 3906 pascba
889 3837 1067 3902 celebrabant,
1083 3837 1175 3908 reliqui
1189 3839 1215 3892 in
1227 3838 1285 3892 liar.

124 3921 201 3986 Quae
213 3935 273 3973 cum
284 3921 378 3973 asserit
389 3919 512 3990 Scaliger,
527 3920 560 3972 iis
576 3919 639 3990 ipsis
656 3927 831 3976 consentanea
842 3923 955 3992 loquitur
967 3939 1034 3993 qnae
1044 3923 1142 3992 passim
1154 3925 1180 3976 el
1191 3924 1287 3994 ubique

123 4003 270 4076 praedicat,
288 4005 397 4060 induem
414 4006 496 4058 tribus
512 4004 566 4058 lere
582 4005 786 4061 antechristum
803 4009 925 4071 usculis,
942 4007 1101 4078 totidemque
1117 4014 1177 4079 post
1193 4009 1287 4080 ipsum,

125 4090 289 4162 Galippicam
300 4091 363 4144 anni
373 4091 484 4143 formam
495 4095 522 4142 et
532 4091 635 4159 cyclum
644 4091 835 4146 Alexandream
848 4093 879 4146 ad
889 4093 1039 4164 popularem
1051 4108 1127 4146 usum
1140 4091 1288 4148 adscivisse.

124 4177 182 4231 Hoc
191 4191 253 4228 sero
262 4174 339 4246 plane
348 4191 404 4228 esse
422 4175 559 4230 confictum
572 4191 602 4228 ao
613 4177 670 4229 sins
681 4177 735 4230 nlla
746 4177 845 4230 ratione
858 4183 953 4230 temere
964 4178 1103 4242 creditum,
1117 4179 1144 4231 in
1161 4179 1286 4248 superiori

128 4263 159 4316 de
171 4276 244 4315 anno
256 4259 400 4314 dominicae
411 4261 542 4330 passionis
554 4260 664 4314 diatriba
676 4261 921 4326 demonstravimus,
937 4262 1055 4332 idemque
1072 4262 1202 4332 copiosius
1213 4263 1286 4328 alias,

127 4347 176 4401 deo
188 4347 307 4412 iuvante,
322 4346 454 4400 conlutare
465 4345 633 4399 decrevimus.
668 4345 720 4399 Sed
731 4347 834 4400 utillud
847 4347 922 4400 modo
935 4347 1067 4416 Scaligero
1080 4348 1242 4412 concedatur,
1254 4365 1286 4404 ex

128 4449 159 4486 eo
170 4432 289 4503 prolecto
301 4432 458 4485 contrarium
471 4432 526 4485 eins
539 4431 662 4502 seqnitur,
679 4431 748 4501 quod
763 4440 789 4486 et
800 4447 889 4484 verum
901 4437 977 4486 estet
988 4433 1022 4486 ab
1034 4432 1123 4486 eodem
1135 4432 1286 4501 silirmatur,

127 4517 238 4572 ludaeos
247 4534 277 4571 ac
285 4517 579 4571 Tessarescaedecatites
591 4517 663 4586 cyclo
674 4533 729 4571 vrrs.
743 4532 773 4570 ac
785 4533 838 4570 xrs.
851 4533 1015 4572 communem
1026 4533 1123 4584 aunum
1133 4525 1284 4590 usurpantes

128 4601 227 4675 pascha
239 4611 298 4658 ante
310 4601 502 4674 aequinoctium
514 4602 647 4658 indixisse.
682 4599 733 4656 Gur
744 4603 814 4656 euim
825 4600 945 4656 catholici
961 4603 1039 4674 cyclis
1054 4603 1119 4670 iilis,
1135 4605 1284 4662 intercalatc
