3200 5158
309 366 377 424 CXL

308 525 429 580 airastus
437 525 620 593 anniicrmae,
632 543 698 599 quae
706 541 796 599 parem
805 528 896 583 sideris
908 529 1043 600 utriusque
1055 529 1191 600 προήγησιν
1204 528 1338 600 agnoscit,
1349 529 1383 583 ad
1393 529 1470 584 iulia·

306 625 369 664 uam
379 610 514 683 fixamque
525 611 678 683 Tekupham
689 615 766 685 plane
778 619 819 667 eat
829 615 937 670 inutilis.
973 614 1025 668 Sed
1039 631 1126 685 neque
1143 615 1177 668 ad
1190 615 1221 668 R
1231 615 1320 670 hddae
1331 613 1470 686 Tekupbaa

307 696 398 750 eadem
415 696 460 750 illa
474 697 596 768 periodus
612 699 700 753 utilior
712 707 759 752 est.
793 699 919 771 Takapha
929 701 1015 770 prima
1026 700 1057 754 li.
1068 700 1157 754 Addas
1168 702 1280 754 vernalis
1292 700 1364 754 cadit
1374 700 1400 754 in
1412 717 1471 754 eam

306 787 412 836 noctem
424 799 490 852 qnae
502 789 591 837 secuta
601 790 642 838 est
652 784 760 839 Kalend.
770 785 832 856 Apr.
845 802 914 839 anno
925 786 1009 856 primo
1021 785 1120 857 periodi
1130 784 1262 852 Iudaicae,
1278 785 1396 840 luliauae
1408 803 1470 840 veru

215 867 218 874 ’
307 867 379 932 aba„
395 869 468 938 cyclo
480 869 543 922 solis
556 868 593 933 2.,
611 869 688 924 lunae
699 871 725 925 4.
738 869 863 942 Tekupha
878 871 1023 924 solstitialis
1038 870 1098 926 Iulii
1109 871 1147 936 2.,
1164 872 1323 926 autumnalis
1334 871 1393 926 sat.
1406 871 1469 934 Ort,

307 953 431 1006 brumalia
449 953 490 1007 31.
502 953 606 1008 Decem.
640 954 718 1008 Porro
730 954 870 1026 Tekuphac
886 956 1046 1010 autumnalis
1063 955 1195 1010 character
1210 957 1272 1022 tuit,
1289 963 1320 1012 ut
1336 957 1471 1028 Scaligaro

306 1039 406 1109 placet,
417 1038 442 1094 3.
456 1039 535 1105 941,
551 1040 589 1095 14.
602 1041 666 1111 ipsis
677 1040 734 1094 Kal.
745 1040 860 1106 Octobr,
876 1041 925 1096 hoc
942 1047 982 1096 est
996 1041 1066 1095 heris
1080 1041 1239 1096 Onocturuis
1253 1049 1313 1112 poet
1324 1059 1388 1096 ιιι.
1398 1042 1472 1112 Sept.
1591 1031 1592 1042 ¹

307 1124 388 1190 diem,
400 1124 466 1178 ieris
475 1124 513 1190 3.,
525 1127 599 1195 cyclo
611 1127 673 1180 solis
685 1143 707 1190 1,
718 1125 795 1182 titt.
818 1127 937 1182 Vernalis
948 1127 1088 1199 Tekuphae
1099 1127 1229 1182 character
1241 1132 1280 1182 cst
1290 1128 1316 1182 4.
1325 1127 1384 1184 0.0.
1396 1129 1471 1182 initio

306 1211 403 1276 accus,
416 1225 482 1280 qnae
493 1216 584 1264 secuta
595 1217 635 1264 est
645 1217 706 1283 post
716 1212 851 1266 meridiem
861 1212 939 1283 primi
950 1214 1045 1284 Aprilis
1057 1213 1115 1268 diei.
1138 1214 1178 1266 hb
1190 1211 1239 1267 hoc
1250 1229 1320 1266 anno
1332 1213 1365 1266 ad
1377 1211 1472 1268 Ohristi

307 1311 445 1361 odorare,
461 1297 516 1350 sive
527 1295 661 1350 ludoicum
672 1297 761 1362 4105„
780 1299 860 1368 cyclis
874 1313 955 1352 ccxvs
966 1299 1074 1368 elapsis,
1091 1299 1225 1368 προήγησις
1236 1298 1309 1352 iacta
1320 1305 1361 1352 est
1371 1299 1472 1354 dictura

306 1399 370 1446 xrrr,
386 1380 464 1435 horae
479 1381 500 1434 l.
534 1382 619 1445 Quare
631 1383 789 1436 autumnalis
801 1383 927 1454 Tehupba
938 1382 967 1436 R.
976 1383 1065 1438 Addae
1076 1383 1173 1438 incidet
1186 1384 1213 1436 in
1226 1401 1302 1438 xvur.
1310 1383 1398 1454 Sept,
1416 1401 1471 1438 rer·

305 1467 374 1520 nalis
385 1467 413 1520 in
425 1484 479 1522 ιιι.
491 1467 534 1520 vel
545 1483 589 1520 ιι.
601 1468 697 1521 ldarb'i.
731 1469 797 1532 Quid
814 1470 895 1539 igitur
911 1468 944 1522 ad
961 1467 1114 1538 'l'chupbam
1129 1469 1161 1523 tt.
1176 1467 1264 1522 hddae
1280 1469 1403 1540 periodus
1420 1471 1471 1524 ista

306 1551 418 1617 confert,
434 1567 501 1622 quae
516 1551 551 1605 ab
563 1551 666 1606 Octobr.
676 1571 721 1609 vn.
735 1553 768 1607 ad
779 1553 850 1625 Sept.
860 1572 932 1610 xxiv.
945 1555 1152 1625 praecessionem
1164 1553 1259 1608 babet?
1295 1553 1330 1608 Ut
1340 1555 1412 1608 enim
1423 1555 1471 1608 'l's

305 1635 400 1708 hophia
411 1637 442 1694 R.
452 1637 541 1692 Addae
553 1637 648 1690 sarrire
659 1639 755 1708 possit,
772 1639 872 1710 periodi
883 1640 985 1694 initium
997 1656 1049 1694 non
1062 1639 1096 1692 ab
1108 1638 1227 1694 Octobris
1236 1657 1295 1704 vra,
1312 1640 1359 1694 sed
1370 1640 1404 1694 ab
1415 1641 1471 1694 eins

305 1721 428 1776 Kalendis
440 1723 621 1776 mormandum
633 1722 719 1778 inerit.
753 1724 887 1779 Praeterea
898 1725 992 1778 veteris
1009 1726 1071 1778 anni
1081 1724 1180 1780 Iudaici
1191 1724 1351 1795 principium
1362 1727 1471 1796 gratiae

306 1807 439 1878 scaligero
452 1810 622 1862 constitutam
634 1814 674 1862 est
685 1808 803 1864 Octobris
811 1827 857 1864 vn.
891 1809 982 1881 Neque
999 1810 1069 1864 enim
1084 1815 1237 1880 argumento
1248 1811 1304 1864 ullo
1317 1812 1471 1877 numano,

305 1892 353 1948 sed
363 1894 436 1948 inani
447 1909 477 1948 ac
489 1894 557 1948 ialsa
568 1895 716 1948 coniectura
726 1894 808 1949 iretus
820 1895 870 1949 hoc
881 1901 1020 1950 maereret.

373 1979 440 2034 llam
451 1981 474 2033 si
486 1981 544 2050 quis
554 1980 621 2034 iorte
633 1985 753 2050 quaerat,
769 1997 815 2034 cur
826 1982 869 2036 ille
881 1981 1035 2035 ludaeorum
1046 1979 1198 2051 'l'ekupbam
1214 1981 1341 2051 pdmem,
1359 1983 1415 2036 siva
1431 1983 1470 2036 in·

305 2067 381 2120 ibium
394 2067 469 2132 anni,
480 2067 508 2119 iu
521 2065 576 2119 Oct.
586 2083 632 2120 vn.
644 2067 777 2131 coniiciat,
795 2067 843 2120 niti
859 2065 908 2120 boc
920 2073 1005 2120 totum
1017 2068 1153 2137 negotium
1167 2067 1277 2137 reperiet
1288 2068 1416 2122 ementita
1427 2068 1472 2122 illa

307 2153 399 2206 Graeci
409 2153 472 2206 anni
483 2157 510 2204 et
521 2149 672 2222 Olympicus
683 2152 782 2224 periodi
793 2152 982 2219 modulatione,
995 2169 1073 2223 quam
1086 2153 1206 2206 omuibus
1221 2152 1341 2218 Graecis,
1353 2152 1470 2223 adeoque

305 2238 504 2303 Macedonibus,
520 2243 577 2290 tum
594 2237 621 2290 in
633 2236 696 2290 Asia
707 2237 962 2306 Syromacedonibus
979 2243 1006 2291 et
1016 2237 1159 2292 Seleucidis
1177 2253 1344 2292 communem
1357 2255 1415 2292 ease
1428 2256 1471 2292 ro-

304 2325 360 2377 luit
395 2323 495 2393 Quippe
513 2322 626 2377 Graecos
644 2323 779 2377 existimat
795 2340 893 2380 mnam
911 2323 1033 2378 habuisse
1050 2323 1192 2394 duplicem,
1209 2325 1365 2394 popularem
1381 2341 1470 2388 uuum,

305 2409 360 2462 site
368 2409 567 2474 mucamitem,
580 2424 631 2478 quo
641 2409 736 2478 vulgus
746 2409 873 2473 utebatur,
886 2410 1071 2463 solesmenses
1081 2409 1217 2474 tricenarii,
1229 2415 1332 2480 praeter
1340 2411 1471 2474 ultimam,

304 2494 348 2547 cui
356 2493 464 2548 biduum
472 2495 545 2547 velut
554 2492 704 2564 appendicis
716 2494 798 2547 instar
809 2493 941 2564 adiungit,
953 2494 1022 2548 unde
1031 2493 1082 2548 362
1091 2494 1181 2549 diebus
1190 2495 1340 2550 comtabatz
1352 2496 1471 2550 lunarem

304 2579 427 2644 alterum,
446 2595 461 2632 a
474 2595 525 2649 quo
534 2580 606 2632 velut
616 2585 719 2632 stamen
730 2595 747 2632 a
757 2580 904 2634 subtemine
920 2581 957 2633 ita
969 2581 1102 2650 popularis
1113 2595 1198 2634 annus
1211 2581 1360 2650 implicatur
1371 2595 1402 2634 ac
1414 2597 1471 2651 per·

304 2664 425 2721 curritur.
448 2664 592 2736 Utrumque
604 2670 687 2718 certos
698 2665 726 2718 in
738 2665 814 2718 orbes
825 2681 856 2720 ac
868 2665 987 2734 periodos
998 2664 1120 2730 includit,
1130 2665 1244 2736 primum
1255 2667 1434 2720 tetraiterides
1445 2675 1471 2720 at

304 2750 488 2816 octabtorides,
506 2756 562 2805 tum
578 2750 703 2816 maiores,
721 2756 811 2821 utpote
824 2769 870 2804 ιιι
882 2767 913 2804 ac
925 2767 1005 2804 nxavt
1017 2766 1154 2804 annorum.
1188 2751 1240 2805 Sed
1256 2759 1391 2823 postrema
1407 2752 1471 2808 hacc

305 2837 422 2892 omnium
437 2837 465 2890 iu
481 2851 549 2890 auno
561 2836 681 2907 populari
696 2837 868 2890 usitatissima
879 2835 942 2901 iuit,
959 2852 1039 2906 qnam
1057 2853 1116 2890 oum
1133 2837 1211 2892 tacite
1228 2853 1274 2908 per
1291 2839 1469 2894 tetradteridas

304 2939 366 2976 suas
379 2924 547 2976 observarent
556 2921 714 2976 Graecorum
726 2923 915 2992 antiquissimi,
927 2922 1049 2992 Oalippns
1061 2937 1120 2975 eam
1132 2923 1210 2976 certis
1218 2923 1315 2978 tinibus
1328 2939 1470 2978 annornm·

304 3025 356 3079 que
373 3009 500 3062 curriculo
517 3007 619 3062 definiit
635 3014 661 3061 et
676 3009 810 3078 periodum
825 3008 896 3061 illam
910 3007 1023 3062 instituit
1038 3024 1167 3062 annornm
1179 3025 1271 3074 cxxvi,
1286 3010 1315 3062 in
1327 3025 1381 3080 qua
1391 3016 1470 3066 tetra·

305 3095 415 3149 dissides
433 3099 495 3148 sunt
508 3111 567 3159 m,
584 3095 704 3164 singulae
722 3092 822 3147 herum
836 3093 909 3159 1447,
927 3109 1036 3164 quorum
1054 3093 1177 3147 ordinarii
1194 3100 1256 3148 sunt
1274 3095 1352 3161 1440,
1374 3112 1469 3167 appen-

304 3181 375 3234 dices
387 3179 411 3233 i.
446 3181 477 3233 ln
492 3181 525 3232 iis
541 3181 639 3234 mensis
655 3179 783 3232 duntaxat
798 3180 897 3250 primus
911 3179 1010 3232 lnumis
1026 3185 1077 3244 est,
1094 3180 1190 3234 caeteri
1201 3196 1262 3234 cunr
1273 3181 1405 3235 micenarii
1417 3183 1470 3235 sint

304 3283 408 3331 omnes,
423 3282 441 3319 a
456 3266 542 3318 lunari
556 3265 634 3319 modo
651 3266 780 3336 paulatim
794 3264 945 3320 abscedunt
969 3265 1008 3319 Ex
1020 3264 1226 3320 tetrabteridibus
1237 3281 1268 3318 ac
1279 3267 1393 3336 periodis
1403 3269 1469 3322 anti-

303 3352 456 3424 quissimam
472 3351 535 3404 iacit
546 3350 737 3421 Olympiacam,
754 3351 788 3404 ad
805 3351 880 3404 cuius
897 3353 1061 3422 excomplum
1076 3357 1234 3421 propagatas
1248 3351 1332 3406 credit
1344 3352 1467 3422 reliquae.

304 3437 427 3492 Eiusdem
437 3437 542 3490 initium
553 3435 612 3490 Iulii
622 3454 659 3492 11.
673 3436 775 3502 defiuit3
793 3452 824 3489 eo
841 3437 910 3508 quod
922 3436 1067 3507 Olympiaci
1084 3451 1183 3507 agones
1200 3442 1259 3506 post
1273 3437 1406 3491 aestivum
1419 3439 1469 3492 scl-

303 3523 405 3578 stitium
416 3522 559 3593 plenilunio
576 3523 779 3576 celebrabantur.
814 3521 961 3576 Solstitium
976 3527 1064 3576 autem
1080 3539 1134 3576 uon
1148 3528 1298 3576 accardum
1314 3539 1402 3593 neque
1417 3531 1469 3578 trc-

304 3611 392 3681 picum
407 3609 542 3678 intelligit,
560 3608 606 3662 sed
622 3613 739 3661 octavam
756 3609 892 3679 signorum
902 3612 1011 3678 partem.
1046 3606 1173 3670 Quocirca
1190 3625 1249 3661 cam
1267 3625 1298 3662 eo
1316 3625 1400 3674 anno,
1417 3627 1468 3681 quo

303 3696 382 3766 primi
393 3709 493 3764 agones
506 3695 539 3746 ab
550 3693 635 3764 Iphito
647 3694 785 3746 mauriti
796 3699 869 3757 sunt,
880 3691 929 3746 hoc
942 3697 982 3746 est
992 3708 1046 3762 per.
1055 3691 1102 3748 lul.
1112 3691 1200 3758 3938„
1211 3692 1349 3764 Takapha,
1361 3696 1418 3750 aiva
1429 3713 1470 3750 sa·

304 3781 383 3835 cundi
395 3779 546 3851 quadrantis
557 3779 630 3844 finis,
642 3785 669 3833 et
680 3785 775 3833 octava
784 3795 845 3851 pars
854 3779 945 3832 Oancri
958 3776 1089 3838 πλατυκῶς
1100 3778 1128 3832 iu
1140 3795 1196 3832 vni.
1205 3778 1263 3832 Iulii
1275 3778 1344 3833 diem
1354 3781 1469 3836 incame-

304 3873 357 3933 ret,
367 3867 426 3920 ideo
437 3883 475 3920 ιι.
484 3865 545 3918 Inlii
554 3866 654 3936 primus
664 3866 756 3919 solaris
768 3866 830 3918 anni
842 3865 897 3918 dies
909 3879 940 3917 ac
952 3863 1103 3933 quadrantis
1115 3864 1218 3918 initium
1229 3864 1352 3936 deinceps
1363 3866 1428 3931 init,
1442 3869 1468 3920 iu

305 3969 383 4022 quem
394 3952 474 4005 etiam
485 3951 648 4005 ncvssuniunr
660 3951 825 4004 commodum
839 3949 935 4003 incidit
958 3949 999 4002 lta
1014 3949 1113 4018 primus
1129 3950 1298 4003 mbadteridis
1314 3953 1416 4005 mensis
1430 3954 1469 4007 lu-

304 4037 374 4092 naria
390 4037 489 4102 extitit,
506 4037 576 4107 qnod
590 4041 714 4108 perpetuo
730 4040 861 4090 serratum
873 4039 921 4088 est
944 4033 1017 4088 Unde
1028 4040 1056 4087 et
1067 4039 1174 4104 quartus
1185 4036 1296 4100 mensis,
1308 4051 1389 4106 quem
1399 4038 1468 4108 apud

302 4121 475 4178 Athenienses
486 4121 694 4194 Pyanepsiouem
705 4122 786 4175 inisse
803 4121 895 4186 credit,
912 4121 996 4190 coepit
1013 4119 1202 4184 Octobriue..
1219 4126 1279 4191 post
1294 4123 1467 4177 sordoniam.

303 4209 389 4280 Atque
399 4210 429 4262 in
440 4207 509 4263 hunc
520 4208 627 4262 modam
638 4208 732 4278 reliqui
742 4223 846 4261 menses
864 4212 891 4260 et
905 4206 967 4260 anni
982 4205 1128 4259 necessario
1140 4211 1276 4271 conmxtn,
1292 4208 1366 4261 velut
1376 4213 1468 4264 catam

304 4295 418 4365 quadam
430 4293 648 4364 Chrysippeiiati
664 4294 776 4348 devincti
793 4298 944 4363 sequuntur,
962 4291 1032 4362 quod
1048 4292 1075 4344 iu
1093 4291 1176 4361 primo
1193 4291 1225 4345 de
1241 4291 1350 4348 limend
1362 4294 1466 4348 abarim

304 4380 453 4450 exponitur.
488 4379 587 4433 Eadem
603 4381 670 4432 serie
685 4380 823 4432 constabat
832 4379 921 4434 Attica
931 4383 958 4431 et
967 4377 1136 4430 Macedonica
1145 4377 1276 4446 periodus.
1309 4377 1379 4432 Nam
1389 4378 1465 4434 huius

305 4463 517 4538 Ὗπιρβερεταῖος,
534 4465 603 4518 illius
616 4463 804 4534 Ἕκατομβαιὼν
820 4479 835 4516 a
850 4463 961 4518 solstitio
973 4462 1062 4516 inibat
1087 4459 1144 4516 lam
1157 4477 1218 4517 raro
1229 4479 1299 4518 auno
1310 4461 1390 4534 Iphiti
1400 4463 1465 4529 465,

303 4551 403 4620 periodi
413 4551 528 4604 Iulianae
540 4550 620 4616 4402,
631 4551 731 4620 periodi
743 4549 895 4620 Olympicae
906 4566 937 4604 ac
948 4548 1130 4603 Macedonicae
1141 4565 1225 4612 nono,
1241 4551 1380 4604 neomenia
1389 4551 1464 4620 primi

304 4637 402 4692 mensis
420 4635 513 4690 accidit
526 4635 585 4689 Iulii
596 4653 621 4690 ι.
657 4634 767 4689 Proinde
783 4642 890 4706 quartus
907 4635 1005 4690 merids
1022 4635 1107 4706 coepit
1118 4633 1237 4688 Octobris
1246 4651 1302 4692 rua
1337 4635 1390 4690 Sed
1406 4651 1464 4690 cum
