3216 5152
1196 373 1290 434 xalx

136 530 285 600 praescripta
295 529 385 584 inissa
407 529 466 584 Non
476 529 578 584 inficior
588 528 658 588 idem
669 533 694 583 et
705 527 835 600 plerisque
845 527 894 584 PP.
905 527 997 595 videri,
1013 533 1040 582 et
1050 528 1178 600 imprimis
1189 529 1288 586 Iustino

134 616 281 686 inllialogo
303 632 363 670 cnm
383 614 533 686 ibyphone,
554 616 586 670 de
602 615 735 686 gestandis
754 615 945 686 alligandisque
964 615 1118 670 frontalibus
1137 615 1290 670 mandatnm

133 701 229 754 ludaeis
241 701 347 756 editum.
371 701 423 756 Sed
434 717 466 756 ex
479 701 546 771 legis
557 700 607 756 hoc
618 701 704 756 verbis
715 705 802 772 aperte
811 701 899 772 colligi
906 718 991 772 posse,
1003 701 1073 772 qnod
1081 706 1155 772 putat
1164 701 1290 771 Scaliger,

133 785 177 839 hoc
189 803 248 842 vero
259 803 383 858 pernego.
405 787 439 840 Et
449 788 532 842 multo
549 785 613 840 mihi
627 787 785 858 probabilior
795 787 947 856 Hieronymi
961 787 1090 842 sententia
1101 786 1214 852 videtur,
1229 803 1289 842 cum

132 873 468 942 antiquissimalodseornm
479 872 638 928 consuetudo
651 889 703 928 non
715 873 800 928 mains
809 871 857 926 hac
869 873 895 926 in
907 878 980 943 parto
991 873 1179 944 praeiudicium
1190 871 1289 938 afferat,

132 973 207 1028 quam
218 960 337 1014 sexcenti
353 960 398 1012 alii
408 961 473 1012 ritus
486 975 516 1014 ac
530 959 681 1028 δευτερώσεις
698 958 903 1028 nugacissimas,
924 975 989 1029 qnos
1000 958 1053 1012 iam
1069 963 1125 1012 tum
1139 957 1234 1012 Christi
1245 958 1290 1012 do·

132 1043 194 1096 mini
208 1049 326 1115 tempore
343 1061 377 1098 ex
394 1045 460 1115 legis
480 1045 566 1098 verbis
582 1061 636 1098 non
651 1045 739 1098 minus
756 1043 848 1098 stolide
866 1061 946 1116 quam
962 1045 1128 1114 pertinaciter
1144 1044 1288 1098 eliciebant

132 1127 166 1181 De
178 1129 287 1184 fimbriis
304 1131 378 1184 aliter
395 1128 569 1186 sentiendum.
591 1129 694 1184 Htenim
705 1129 783 1184 Num.
795 1149 843 1196 xv,
863 1129 905 1186 38.
918 1131 1049 1201 conceptis
1066 1129 1153 1184 verbis
1168 1129 1290 1184 iubentur

126 1215 240 1283 fimbrias
248 1235 297 1286 per
304 1218 445 1286 palliorum
457 1217 563 1286 annulos
574 1215 680 1280 haime,
695 1215 839 1286 iisdemque
856 1219 934 1270 vities
945 1215 1126 1284 hyacinthinos
1138 1215 1288 1286 adiungere.

131 1299 254 1354 Fimbriae
266 1301 392 1356 Hebraico
402 1302 489 1356 Moses
506 1305 624 1367 nasathi,
636 1299 835 1372 crispinensis.
867 1301 953 1355 Vittes
967 1306 1055 1356 autem
1066 1302 1109 1354 ille
1125 1271 1228 1372 sinn,
1245 1301 1290 1356 ieti

133 1383 234 1455 κλῶσμα
250 1392 353 1442 vocant
382 1388 421 1442 De
437 1387 531 1458 quibus
542 1405 596 1442 non
616 1388 701 1442 solum
712 1387 836 1454 Hebraei,
852 1387 898 1442 sed
915 1393 941 1442 et
951 1392 1080 1444 nostrates
1092 1387 1175 1445 critici
1186 1387 1290 1459 copiose
1316 1397 1377 1451 naa.

131 1470 265 1526 lanruac

194 1557 313 1612 Tonrdorr
328 1557 424 1612 aleria
439 1559 538 1629 sipara
554 1559 702 1630 πορφύρας]
733 1559 802 1614 Hira
817 1559 939 1614 vocabuli
953 1557 1030 1614 huius
1047 1561 1096 1610 τῶν
1120 1558 1291 1629 φυλακτηρίων
1359 1579 1364 1592 ·

131 1641 319 1715 interpretatio,
336 1645 424 1700 clavos
440 1661 498 1698 esse
517 1661 661 1716 purpureos
676 1645 744 1698 latos
756 1645 801 1715 qni
818 1645 926 1699 colobiis
944 1650 970 1697 et
981 1644 1143 1716 epomidibus
1158 1645 1291 1698 insueren-

130 1733 177 1794 tnr,
187 1729 220 1783 ad
232 1730 345 1784 eundem
356 1730 464 1786 modum
475 1747 526 1801 quo
532 1731 645 1786 Romani
655 1736 788 1784 senatores
800 1731 841 1785 sni
852 1731 949 1800 ordinis
960 1731 1064 1802 insigne
1072 1731 1218 1800 gestabant.
1235 1731 1291 1784 Hoc

129 1830 199 1880 vero,
222 1817 345 1886 inquam,
367 1816 547 1871 admirandum
558 1818 644 1888 potius
659 1833 739 1887 qnam
750 1821 796 1870 ant
807 1817 864 1870 sine
875 1818 927 1870 alio
939 1817 1032 1870 idoneo
1044 1821 1136 1870 autore
1146 1817 1224 1870 nimis
1236 1831 1291 1870 am·

129 1901 305 1972 plectendum,
330 1907 376 1956 ant
395 1903 480 1956 acrius
500 1901 740 1974 reprehendendum
759 1902 829 1972 quod
848 1903 876 1956 in
898 1899 1012 1956 Elencho
1033 1901 1151 1971 Scaliger
1170 1902 1291 1956 instituit.

129 1987 203 2058 atqui
222 1994 314 2042 utrum
329 1988 482 2042 dalmaticae
498 1989 562 2042 istas
583 1995 610 2042 et
626 1989 775 2044 eolobionas
792 1988 908 2042 clevatos
923 1987 1057 2043 Pharisaei
1077 1988 1139 2042 olim
1155 1988 1291 2056 gesserint,

129 2088 208 2142 eaque
219 2072 381 2144 phylacteria
391 2075 507 2145 plerique
518 2074 721 2140 nominaverint,
734 2091 828 2139 necue,
839 2074 942 2128 aliunde
954 2080 1071 2127 constare
1082 2090 1136 2128 non
1146 2078 1246 2144 potest,
1265 2079 1292 2126 et

128 2175 160 2212 ex
171 2159 311 2214 reconditis
319 2157 474 2214 ludaeorum
485 2161 558 2214 libris
570 2175 601 2213 ac
612 2159 704 2214 ritibus
715 2161 799 2214 multa
810 2157 971 2230 Epiphanius
983 2160 1069 2229 potuit
1079 2159 1212 2213 addiscere
1223 2174 1290 2228 quae

128 2242 175 2298 hoc
186 2245 293 2298 sucula
310 2250 337 2298 et
353 2243 483 2300 hodiernis
500 2245 601 2300 ludaeis
617 2233 709 2315 ignota
724 2251 792 2300 sunt.
824 2245 886 2298 Esto
898 2246 991 2316 igitur,
1010 2245 1096 2298 claros
1113 2245 1193 2298 etiam
1204 2245 1291 2298 istius·

127 2329 196 2384 medi
208 2329 363 2400 φυλακτήρια
373 2331 590 2402 nuncupaverint,
601 2331 681 2402 vulgo
693 2337 782 2385 tamen
795 2329 947 2402 φυλακτήρια
957 2332 1010 2396 illa,
1023 2347 1132 2402 qnorum
1144 2328 1291 2384 Matthaeus

127 2417 259 2482 meminit,
275 2433 336 2472 eum
346 2417 504 2488 Hieronymo
520 2417 654 2488 pittaciola
670 2423 697 2471 et
711 2417 910 2472 membranacea
928 2417 1051 2472 nontalh
1069 2417 1163 2472 eruditi
1173 2415 1291 2472 homines

127 2500 335 2574 interpretantur.
348 2507 350 2516 '
1257 2549 1261 2558 ,

192 2582 322 2649 ‘Peiorem
336 2585 384 2660 γάρ
395 2605 460 2649 τινας
472 2585 511 2640 inl
522 2587 554 2641 τὰ
565 2588 690 2659 τέσσαρα]
717 2589 834 2642 Ridicule
845 2589 963 2660 Scaliger
973 2593 1003 2642 ut
1012 2587 1187 2660 Epiphaniam
1198 2589 1291 2642 erroris

128 2679 231 2743 arguat,
249 2673 280 2726 Se·
295 2676 366 2727 ιιταΙα
380 2678 490 2744 punica,
512 2674 611 2744 iuquit,
627 2693 675 2728 τοιι
690 2679 771 2744 igitur
788 2673 921 2745 κράσπεδα.
945 2673 1025 2739 Quasi
1041 2691 1094 2730 nou
1106 2676 1185 2728 etiam
1197 2669 1292 2744 ῥοΐσκοι

128 2763 176 2821 τοῖς
189 2758 336 2832 κρασπέδοις
348 2759 451 2830 alligari
463 2760 606 2830 potnerint;
618 2764 648 2813 ut
658 2765 685 2812 et
695 2760 785 2831 spinas
796 2759 957 2831 adhibuisse,
970 2777 1021 2831 que
1034 2777 1150 2816 cruorem
1162 2761 1291 2826 elicerent,

127 2851 235 2899 testatur
246 2845 429 2915 Hieronymus.
451 2844 505 2898 Neo
517 2845 605 2899 obstat
621 2845 692 2915 qnod
707 2839 821 2916 ῥοΐσκους
836 2863 955 2902 summus
968 2846 1088 2902 sacerdos
1100 2844 1124 2897 lo
1136 2844 1290 2916 ἂρχιερατικῇ

128 2931 202 3002 στολῇ
212 2931 364 3002 gemuerit.
375 2929 443 2984 Nam
448 2930 564 2984 aversos
570 2932 661 2985 abillis
670 2947 730 2986 oum
741 2947 858 2998 numero,
868 2939 924 2986 tam
934 2933 1043 2986 materia
1051 2931 1161 3001 aliisque
1171 2931 1198 2984 id
1207 2947 1291 3000 genus

126 3015 272 3082 Pharisaei,
284 3033 345 3070 cnm
355 3017 384 3070 in
395 3022 467 3071 casto
479 3023 579 3082 essent,
595 3033 719 3087 usurpare
730 3023 858 3088 poterant.
881 3018 925 3072 Sic
937 3017 1151 3088 paludamentum
1168 3033 1228 3070 cum
1238 3016 1290 3070 ao·

126 3117 266 3156 manorum
277 3103 359 3174 Impp.
370 3103 505 3174 proprium
515 3103 606 3169 inerit,
618 3103 697 3156 etiam
708 3103 835 3156 militibus
846 3103 1001 3158 attribuitur.
1025 3103 1109 3174 Atque
1120 3109 1177 3156 uta
1188 3101 1291 3154 Indaeis

128 3204 180 3242 non
191 3187 325 3253 rsoedam,
338 3189 490 3259 quisuesoit
500 3189 567 3242 iuter
579 3188 676 3242 summi
687 3187 829 3242 sacerdotis
839 3194 924 3242 restes
936 3187 1032 3259 ephod,
1049 3189 1103 3242 sire
1115 3185 1158 3254 τὴν
1170 3184 1291 3258 ἐπωμίδα,

127 3289 157 3326 ac
168 3272 383 3346 superhumerale
393 3273 493 3328 inisse?
504 3273 538 3326 Et
548 3279 637 3328 tamen
648 3291 702 3328 non
713 3273 791 3328 modo
802 3273 950 3328 sacerdotes
963 3289 993 3327 ac
1004 3273 1109 3326 Levitae
1121 3274 1227 3338 caeteri,
1246 3273 1291 3326 sed

51 3371 60 3418 ,¹
128 3361 207 3414 stiam
218 3359 280 3414 laici
290 3357 382 3430 thod
397 3359 553 3426 induebant,
568 3360 606 3413 uti
617 3359 701 3412 David
710 3360 756 3414 lib.
769 3377 797 3416 rr.
809 3360 874 3431 Reg.
886 3375 943 3431 cup.
955 3377 995 3424 vr,
1009 3360 1048 3414 14.
1071 3358 1124 3413 aea
1139 3357 1189 3412 hoc
1202 3359 1292 3412 rideli-

128 3451 169 3499 cet
178 3446 280 3501 lineum
291 3449 359 3510 erat,
378 3445 489 3498 alterum
499 3445 564 3498 illud
574 3445 727 3516 pontificum
737 3446 871 3516 proprium
881 3451 993 3516 quatuor
1004 3463 1037 3500 ex
1048 3445 1179 3499 coloribus
1190 3451 1291 3500 consta·

128 3532 181 3597 bat,
192 3529 343 3602 hyacintho,
355 3531 443 3600 bysso,
455 3547 542 3596 cocco,
554 3547 679 3602 purpura3
691 3531 738 3585 sed
749 3537 776 3584 et
787 3547 849 3584 auro
861 3538 1013 3586 contextum
1025 3537 1088 3586 erat
1112 3531 1176 3586 Vide
1187 3531 1291 3586 Hieron.

128 3616 210 3688 Epist.
228 3616 263 3670 ad
276 3615 420 3672 Fabiolam.
444 3617 528 3671 Nimis
543 3617 624 3688 igitur
639 3617 738 3672 insulse
758 3616 882 3672 adsersus
893 3615 1067 3689 Epiphanium
1082 3623 1202 3672 noenum
1214 3632 1291 3687 argu·

127 3708 260 3756 mentatur
271 3701 397 3772 Scaliger.
979 3705 994 3712 ”

195 3787 302 3858 henrice
313 3786 340 3840 bl
352 3785 384 3848 εἶς
395 3787 437 3840 rba
455 3785 604 3840 διδάσκαλον
620 3786 722 3856 cirion]
747 3787 845 3842 lisdem
860 3788 1028 3860 διυττρώσιιυυ
1044 3805 1142 3859 genera
1156 3795 1292 3859 percenset

128 3871 229 3927 haeresi
241 3889 339 3939 runs,
360 3891 386 3929 n.
396 3891 432 3928 rx.
462 3871 519 3937 Quo
536 3889 570 3926 ex
585 3875 643 3928 loco
660 3871 747 3943 Ῥαββλ
765 3871 863 3944 ’aarum
880 3881 931 3945 pro
941 3875 1077 3945 berquariis
1093 3875 1233 3944 legendnm
1249 3874 1291 3928 hic

129 3959 307 4013 admonemur.
330 3959 378 4012 Hic
390 3963 430 4012 est
440 3958 484 4012 ille
496 3959 547 4012 nisi
558 3958 634 4013 iailor
645 3959 675 4014 H
688 3959 773 4017 hlaiba
784 3960 816 4014 de
828 3977 878 4030 qno
895 3961 923 4014 in
934 3961 1089 4014 ludaeorum
1099 3961 1254 4015 Kalendario
1265 3979 1290 4026 v,

128 4043 168 4098 die
179 4044 249 4100 'Pieri
260 4043 324 4100 haec
339 4044 470 4116 adscripta
484 4050 557 4098 sunt:
578 4045 610 4100 R.
623 4045 712 4098 Alcide
723 4048 796 4116 filice
808 4046 900 4117 loseph
916 4051 1051 4100 coniicitur
1066 4051 1095 4098 τίι
1111 4049 1228 4112 maculo,
1247 4048 1292 4100 abs·

127 4135 242 4185 mumius.

398 4267 443 4324 so
461 4265 630 4324 munusue
646 4265 729 4324 xvir.
746 4267 1019 4324 rmnrsrnonon.
1087 4343 1090 4348 Ι

196 4387 307 4457 Συνῆσαν
319 4389 366 4460 γὰρ
379 4387 461 4450 αὐτοῖς
473 4388 514 4442 καὶ
526 4387 548 4441 oi
560 4388 682 4459 Nepotiani]
700 4388 738 4442 De
744 4389 869 4458 Scaligeri
878 4387 1079 4442 hallucinatione
1088 4389 1292 4460 supraridimue‚
1309 4391 1315 4409 ¹

131 4475 175 4544 qai
186 4477 301 4545 νομικοὺς
314 4480 447 4528 armorica
458 4492 515 4529 esse
527 4476 732 4544 acsormrclnn'os
742 4473 857 4528 credidit
881 4473 1020 4528 Proximus
1028 4474 1089 4528 huic
1098 4492 1168 4529 error
1177 4477 1290 4547 estquod

130 4565 293 4629 praesentem
310 4558 448 4632 Epiphanii
463 4562 549 4616 locum
569 4562 606 4614 sic
617 4561 800 4632 interpretatus
816 4565 868 4624 est,
889 4565 919 4613 ut
938 4559 967 4612 r'o
989 4553 1071 4622 αὐτοῖς
1091 4561 1124 4614 ad
1138 4560 1291 4617 Pharisaeos

131 4645 249 4713 referret,
270 4646 426 4716 quibuscum
439 4647 611 4703 versabantur
627 4645 649 4698 oi
669 4645 772 4717 νομικοῖ.
795 4645 970 4718 Epiphanius,
1000 4647 1096 4718 iuquit,
1125 4659 1213 4719 aperte
1234 4651 1290 4710 τοὺς
