3200 5158
1164 373 1235 430 CXV

89 530 123 586 lta
132 529 244 600 quinque
254 529 314 602 plus
331 529 418 584 minus
434 529 509 586 mnis
522 529 564 596 τὴν
575 526 707 600 ἐπιτροπὴν
718 529 922 595 administravit,
938 529 1008 600 quod
1024 528 1110 582 innuit
1122 527 1236 600 Epipha-

88 616 149 670 nius
170 613 499 682 &camerinensem
512 614 611 686 opinor,
622 631 669 684 pro
680 615 746 670 Iulio
759 614 870 670 Cessare
880 615 1028 684 Angustum
1041 615 1155 684 scripsit,
1168 614 1237 683 quod

88 699 149 756 hunc
158 701 245 772 ipsum
254 700 417 758 meminisset
433 701 511 754 enam
527 701 555 756 in
565 700 686 770 Aegypte
702 705 730 755 et
740 701 912 756 Alexandriae
928 701 1026 754 bellmn
1042 701 1165 770 gessisse.
1187 699 1237 753 Dc·

87 784 140 840 inde
150 801 234 858 neque
243 785 308 842 illud
319 802 409 840 rmum
421 791 472 853 est,
486 785 610 840 Iudaeam
620 791 682 856 post
692 785 824 840 Actiacam
836 785 941 840 demum
952 786 1088 840 victoriam
1099 785 1132 838 sd
1143 785 1238 838 Rome-

87 887 130 926 nos
139 871 286 942 peruenisse
302 875 328 924 et
339 869 465 943 ὑπόρορον
481 869 577 936 fnisse,
594 887 655 926 curn
672 867 797 926 hactenus
814 872 926 928 societas
943 871 1131 926 intercessisset
1147 887 1178 924 ac
1194 871 1238 924 tri-

88 955 144 1010 hrta
158 956 213 1012 sire
228 956 316 1028 petius
328 972 438 1012 munera
448 955 628 1028 penderentur.
650 955 753 1012 Etenim
764 957 843 1028 longe
854 962 914 1012 ante
925 973 1042 1028 pugnam
1053 957 1186 1010 Actiacam
1197 955 1239 1008 lu·

87 1039 369 1098 deealiomauornmin
379 1041 617 1112 potestatemrenit
636 1047 662 1096 st
680 1043 778 1096 bibuta
791 1043 923 1113 persolvit.
956 1042 1072 1106 Primus,
1087 1042 1140 1096 nisi
1156 1041 1239 1106 fallor,

85 1125 217 1196 Pompeius
234 1125 357 1182 OEeercua
375 1127 524 1182 atAntcnio
541 1143 609 1182 coss.
627 1125 704 1182 Urbis
716 1127 774 1182 791.
790 1128 975 1198 Hierosolymis
996 1129 1153 1198 expugnetis
1173 1127 1240 1180 hanc

86 1211 163 1282 ipsam
173 1212 266 1268 urbem
276 1213 431 1284 vecfigalem
441 1212 559 1266 reddidit.
584 1211 711 1283 Iosephus
722 1213 767 1266 lib.
776 1231 829 1268 arv.
841 1229 898 1285 csp.
907 1231 962 1268 ru:
981 1213 1020 1266 ael
1037 1212 1067 1266 τὰ
1079 1212 1122 1284 μὲν
1134 1211 1239 1283 Ἱεροσό·

86 1295 148 1366 λνμα
158 1294 265 1364 ὑποτελῆ
278 1299 356 1368 φόρον
366 1296 498 1370 Ῥωμαίοις
510 1294 629 1364 ἐποίησεν.
652 1298 728 1352 Mox:
741 1298 829 1350 τούτου
842 1303 885 1350 τοῦ
898 1296 988 1360 πάθους
1000 1301 1051 1360 τοῖς
1060 1297 1240 1369 Ἱεροσολύμοις

87 1381 152 1434 αἴτιοι
164 1381 317 1450 κατέστησαν
327 1381 444 1455 Ὑρκανὸς
456 1383 496 1436 ani
505 1380 692 1454 Ἀριστόβουλος
702 1383 762 1455 πρὸς
774 1381 897 1450 ἀλλήλους
909 1381 1088 1444 στασιάσαντες·
1102 1385 1145 1450 τήν
1157 1401 1182 1436 τε
1193 1383 1240 1456 γὰρ

87 1464 215 1536 ἐλευθερίαν
233 1464 389 1540 ἀπεβάλομεν
407 1468 447 1520 sal
464 1467 568 1534 ὑπήκοοι
579 1466 710 1538 Ῥωμαίων
728 1468 885 1541 κατέστημεν.
918 1470 1000 1539 Igitur
1016 1469 1049 1522 ab
1065 1469 1109 1522 illc
1125 1474 1241 1541 tempore

86 1551 203 1610 Βοαοαοίο
220 1552 317 1606 iudaea
331 1552 418 1624 paruit
434 1570 482 1608 nec
498 1569 560 1608 suos
576 1569 652 1624 reges
668 1553 772 1620 hebuit,
789 1555 838 1608 etsi
854 1553 1003 1624 aliquandiu
1019 1553 1160 1608 conflictati
1171 1561 1242 1609 snut.

86 1637 198 1708 iimeauo
210 1637 316 1710 quidem
325 1638 492 1709 pontificatus
509 1639 614 1695 relictus
631 1646 684 1704 eet,
700 1656 717 1692 a
733 1639 843 1694 Gabinio
859 1640 1010 1709 praesertim
1028 1641 1085 1710 qui,
1102 1647 1131 1694 ut
1145 1657 1202 1710 cap.
1215 1660 1241 1694 x.

85 1721 125 1776 lib.
137 1741 189 1778 srv-
205 1724 308 1788 scribit,
325 1723 439 1794 quinque
457 1723 584 1793 synedriia
599 1724 627 1778 in
638 1723 734 1779 Iudaea
749 1725 882 1780 seducatis
898 1725 1088 1780 aristocratiern
1099 1727 1241 1780 constituit.

86 1807 143 1860 Post
152 1806 217 1862 haec
229 1808 353 1862 sdvemm
364 1809 512 1878 Hyrcanum
523 1808 669 1864 Alexander
681 1814 707 1863 et
715 1810 863 1880 Antigonus
873 1809 1017 1864 Aristobuli
1027 1809 1074 1864 filii
1085 1812 1186 1882 aliquot
1197 1829 1241 1866 sn·

88 1893 123 1948 uis
134 1899 279 1962 certarum,
288 1893 433 1966 iisdemque
444 1911 490 1965 pro
501 1894 622 1964 Hyrcano
634 1899 738 1949 suenus
749 1895 884 1966 Antipater
895 1895 1002 1962 restitit,
1018 1897 1063 1966 qui
1074 1912 1091 1950 a
1101 1896 1167 1950 lulio
1180 1896 1242 1950 an-

86 1993 140 2034 sars
147 1985 241 2052 postea
252 1977 295 2046 τὴν
307 1975 438 2051 ἐπιτροπὴν
448 1985 541 2034 nactus
554 1985 595 2034 ost
609 1996 639 2034 ac
650 1997 697 2051 per
710 1980 778 2034 idem
790 1985 893 2052 tempus
907 1981 997 2051 populi
1005 1980 1080 2036 Rom.
1090 1983 1242 2036 societatem

88 2070 111 2116 et
120 2064 260 2120 amicitim
270 2065 427 2136 λαοροετανίε.
450 2065 489 2118 De
506 2081 558 2136 quo
575 2066 709 2136 complure
720 2064 839 2120 Cameris
851 2065 954 2120 decreta
964 2067 1034 2138 apud
1045 2065 1185 2137 losepbum
1197 2085 1241 2121 ex·

87 2155 139 2204 rant
147 2149 193 2207 lib.
203 2167 259 2206 arr.
270 2166 328 2224 cap.
338 2168 401 2208 xum
424 2149 476 2204 Sed
488 2149 649 2206 antecedenti
666 2151 752 2221 capite
764 2148 868 2220 Iosephi
884 2167 918 2206 an
929 2152 1028 2206 librarii
1040 2149 1242 2206 hallucinatione

89 2235 188 2300 audit,
203 2242 233 2292 ut
249 2251 308 2292 cnm
324 2241 430 2290 senatus
442 2235 573 2290 decretum
590 2234 620 2290 da
631 2235 713 2290 muris
723 2236 965 2306 Hierosolymorum
975 2236 1120 2290 reficiendis
1132 2239 1165 2292 ab
1178 2238 1243 2308 llyr-

88 2335 148 2376 eano
160 2321 262 2377 iuniore
276 2322 445 2392 impetratum
455 2321 534 2376 vadet
545 2320 702 2386 adscribere,
719 2321 790 2378 aliud
806 2323 982 2388 subinnxerit,
1001 2322 1070 2394 qnod
1086 2324 1114 2376 in
1131 2325 1243 2394 gratim

86 2405 195 2476 Hyrcani
211 2405 319 2462 meionis
328 2405 427 2462 meeum
438 2405 536 2471 fuerat,
553 2407 596 2460 eni
607 2407 717 2462 alterum
727 2405 924 2462 Atheniensium
936 2405 1098 2478 psephisma,
1115 2408 1184 2478 qnod
1201 2425 1243 2462 eo-

87 2489 142 2547 dem
151 2491 311 2562 perh‘nehat,
323 2492 468 2564 adscripsit
486 2491 560 2558 Quod
572 2492 678 2562 quidem
688 2492 800 2546 Eusebio
812 2491 897 2546 baudi
911 2492 962 2546 init
979 2493 1024 2562 qui
1039 2493 1074 2546 sd
1084 2509 1182 2548 muum
1194 2499 1244 2548 ter·

88 2577 148 2632 dnm
163 2577 224 2634 Iulii
241 2576 372 2643 Caesaris,
389 2577 491 2649 Olymp.
507 2593 653 2634 cnsrrvrn.
670 2579 788 2644 tertium,
808 2577 926 2642 eduum,
947 2577 1080 2632 decretum
1095 2585 1201 2632 senatus
1218 2586 1245 2633 et

86 2661 281 2718 Atheniensium
297 2663 330 2718 sd
342 2662 451 2718 ludaeos
467 2679 524 2718 ease
539 2663 662 2728 mbsum,
678 2663 723 2734 qui
738 2679 784 2734 per
798 2663 899 2732 legatos
915 2664 1058 2718 amicitiam
1074 2666 1244 2734 postularant

87 2747 137 2802 lice
148 2765 208 2804 sero
221 2748 267 2804 din
278 2753 338 2802 ante
348 2754 453 2820 gestum
465 2754 521 2802 eret
532 2749 581 2804 sub
592 2749 712 2818 Hyrcano
725 2749 839 2813 seniore,
851 2753 881 2802 ut
891 2748 972 2801 cuivis
984 2754 1099 2820 apparet.

147 2833 219 2888 llaec
230 2834 320 2904 itaque
331 2835 442 2890 sociates
457 2839 499 2888 est
513 2835 560 2888 illa
575 2839 601 2887 et
612 2834 727 2888 amicitie
738 2849 817 2903 qnam
829 2834 878 2886 sub
889 2833 1004 2903 Augusti
1013 2834 1116 2887 initium
1127 2835 1193 2888 inter
1205 2836 1245 2890 lu-

89 2917 162 2974 daeos
173 2925 200 2974 et
210 2919 345 2976 Romanus
356 2919 530 2974 instauratam
541 2918 618 2972 docet
626 2917 799 2990 Epiphanius,
812 2935 879 2989 qnae
891 2918 924 2970 ad
932 2918 992 2974 Iulii
1001 2917 1120 2972 Caesaris
1129 2927 1245 2991 tempora
1271 2949 1292 2988 ρ.
1302 2935 1344 2977 ree.

91 3003 161 3057 debet
170 3005 276 3070 reierri,
288 3021 347 3060 cum
356 3005 492 3074 Hyrcanas
503 3003 658 3058 Iudaeorum
669 3003 789 3074 pontifex
800 3009 826 3056 et
837 3002 977 3056 athuarehn
989 3003 1021 3056 ab
1032 3004 1077 3056 illo
1089 3006 1244 3060 constitutus

90 3095 133 3146 est.
156 3091 193 3144 Ac
209 3097 268 3143 tum
285 3089 389 3160 quidem
406 3087 523 3142 nonnihil
539 3089 630 3142 tributi
641 3089 746 3142 nominc
757 3088 1005 3156 Hierosolymitsnos
1017 3088 1177 3160 ludaeosque
1189 3107 1246 3144 cae·

90 3180 152 3228 teres
167 3176 316 3246 pensitasse
329 3173 455 3246 leasphue
471 3174 570 3230 indiam
585 3174 670 3244 capite
685 3174 730 3228 illc
742 3191 819 3237 svm,
836 3175 886 3227 etsi
901 3173 1059 3243 perobscura
1073 3181 1134 3229 suut
1145 3174 1246 3229 Iuliam

90 3259 129 3316 illa
140 3261 244 3316 decreta
255 3276 322 3332 quae
334 3277 364 3314 eo
375 3262 433 3315 loco
445 3264 690 3314 commemorantur.
711 3258 886 3330 Posteaquam
897 3274 958 3312 uero
970 3259 1123 3314 ludaeorum
1135 3277 1246 3332 regnum

90 3345 119 3400 ad
129 3346 257 3402 Herodem
267 3347 423 3400 nannetum
434 3353 486 3411 est,
497 3362 551 3400 non
562 3351 625 3416 puto
637 3343 769 3400 Romanos
780 3344 906 3398 tributum
918 3344 951 3398 sb
962 3345 1013 3398 illis
1025 3346 1158 3416 exegisse,
1177 3346 1245 3416 quod

90 3430 152 3488 idem
164 3431 310 3502 sthplero
318 3430 427 3498 ridetur,
439 3447 500 3486 cum
507 3430 603 3484 ludaes
614 3428 730 3484 nondum
741 3433 811 3484 esset
820 3429 848 3484 iu
857 3428 969 3484 formam
976 3431 1125 3500 provinciae
1134 3430 1245 3484 redacta.

91 3514 168 3580 Quare
179 3533 230 3572 nec
241 3517 269 3572 in
278 3517 326 3572 illa
336 3517 421 3590 priore
433 3515 533 3580 Quirini
545 3516 716 3587 descriptione
727 3515 853 3569 tributum
865 3515 947 3568 ullum
958 3531 1065 3570 necesse
1080 3521 1120 3570 est
1130 3517 1246 3587 persolu-

91 3607 142 3656 tum
152 3603 265 3657 credere.
292 3601 348 3668 Quo
360 3603 447 3656 minus
459 3603 588 3656 assentior
600 3599 744 3672 Epiphanio
756 3601 869 3672 quitum
880 3601 1049 3654 relmaxime
1060 3602 1157 3654 tributa
1169 3618 1185 3654 a
1195 3602 1247 3654 Rc-

91 3689 170 3744 naris
186 3688 315 3760 imperata
331 3688 422 3744 scribit
441 3693 467 3742 et
482 3705 547 3742 sarx
558 3687 648 3752 mnis,
665 3687 709 3756 qui
725 3685 758 3740 ab
769 3686 875 3738 Actiaca
892 3685 963 3740 clade
979 3686 1012 3739 sd
1023 3687 1137 3740 namlem
1149 3687 1248 3740 domini

92 3769 232 3839 fluxerunt,
249 3769 374 3844 ὑπόρορον
389 3771 487 3833 τελείως
503 3772 683 3843 παραδοθεῖσαν
699 3770 830 3842 Ῥωμαίοις
845 3770 969 3826 Iudaeam
982 3772 1073 3828 fuisse.
1097 3773 1177 3842 Atqui
1187 3778 1248 3844 post

91 3855 271 3930 Pompeianam
286 3858 422 3914 victoriam
437 3874 467 3910 ac
484 3858 597 3928 priorem
614 3856 706 3910 ἅλωσιν
721 3873 855 3928 nunquam
872 3857 969 3912 Iudaea
984 3859 1071 3912 miuus
1088 3859 1137 3912 sub
1152 3859 1247 3911 Rome·

93 3958 179 3998 nurum
193 3945 342 4015 principum
357 3949 485 4014 potestate
496 3944 538 3997 vel
553 3941 776 3996 administratione
791 3943 842 3996 fuit
857 3959 936 4012 quam
947 3943 1055 3996 Herodis
1067 3943 1112 3996 illo
1123 3950 1247 4012 tempore,

90 4030 238 4098 praesertim
249 4034 309 4100 post
317 4029 453 4084 Actiacam
463 4043 592 4099 pugnam,
609 4043 669 4081 eum
685 4027 753 4099 apud
765 4028 913 4098 Augustum
928 4028 1055 4096 imprimis
1072 4029 1116 4081 ille
1127 4029 1212 4098 gatis
1223 4032 1248 4080 et

94 4111 347 4170 :rederariorum
380 4112 451 4169 Nulli
462 4113 550 4183 itaque
561 4111 672 4166 Romani
685 4113 866 4182 magistratus,
882 4111 1014 4183 praesides
1031 4113 1109 4176 nulli,
1126 4113 1248 4166 Iudaeum

95 4197 268 4266 ohhuuerunt,
284 4215 332 4254 nec
349 4199 405 4269 alii,
422 4214 502 4269 qnam
519 4197 720 4252 exbaordiusrii
734 4195 861 4267 ἡγεμόνες,
878 4194 928 4250 boc
943 4201 983 4249 est
992 4196 1124 4266 praesides
1136 4199 1177 4250 vel
1189 4213 1248 4269 pro·

92 4291 233 4350 curatores,
249 4285 291 4338 val
301 4285 420 4342 universe
431 4299 491 4338 cum
502 4287 631 4354 potestate
642 4283 730 4354 aliqua
742 4284 828 4347 missi,
844 4283 924 4336 ullam
938 4281 1046 4334 Herodis
1058 4283 1086 4336 in
1098 4298 1178 4353 regno
1190 4283 1248 4336 iun·

96 4369 201 4426 cionem
212 4377 258 4426 aut
268 4370 471 4424 iurisdietionem
483 4373 663 4424 exercuerunt.

155 4457 190 4510 At
199 4457 228 4510 in
237 4456 383 4512 Annalibus
393 4471 530 4526 perperam
539 4453 679 4526 Epiphanii
689 4470 763 4508 mens
774 4453 906 4523 accipitur,
922 4469 980 4506 cum
997 4453 1023 4504 id
1041 4469 1101 4506 enm
1111 4455 1248 4525 scripsisse

97 4546 207 4598 Umut:
241 4541 339 4610 Viperei
353 4558 439 4596 amem
457 4546 532 4594 armis
549 4541 661 4594 Iudaeos
676 4541 798 4592 Romanis
818 4540 913 4594 bibula
933 4540 1093 4608 dependeres,
1115 4551 1247 4612 antequam

100 4625 229 4696 Antipater
239 4627 456 4698 Herodiepnrena
464 4627 579 4684 Iudaeae
586 4635 743 4698 procurater
752 4645 768 4678 α
781 4625 902 4678 λλονιαοίε
912 4627 1092 4690 insumeretur,
1104 4644 1149 4682 uec
1157 4636 1248 4698 postes

1006 4727 1047 4780 Η.
