3200 5158
1161 317 1274 373 mili

117 471 145 528 dc
156 475 274 540 Antinoe,
282 475 418 528 Marcione
429 489 460 528 ac
471 473 576 529 ludaico
587 473 656 528 bello
668 475 828 529 mentionem
839 473 908 540 tecit,
920 477 954 537 et,
966 473 1035 545 quod
1047 477 1125 546 caput
1137 479 1185 539 est,
1195 472 1273 526 huius

115 559 188 614 etiam
204 561 307 614 initium
323 561 427 614 subiicit
442 561 525 631 capite
537 578 574 614 rr.
607 561 642 612 At
651 576 712 614 vero
729 575 785 632 cap.
797 578 853 624 xa,
871 561 925 614 sire
938 557 979 624 ις’,
997 559 1105 612 alteram
1118 558 1273 630 Apologiam

114 646 159 700 sub
179 646 215 700 M.
232 646 335 698 Aurelio
354 651 380 698 et
395 645 425 699 L.
436 646 504 698 Vero
522 645 647 716 scriptam
664 645 790 699 affirmat:
809 643 872 697 κατὰ
889 645 973 706 τούςδι
990 644 1030 697 aei
1047 642 1061 696 δ
1075 647 1154 715 μικρῷ
1168 643 1273 715 πρόοιδεν

112 729 166 800 ἡμῖν
178 729 294 796 caietae
306 727 438 791 ’loccriaoe
451 731 562 800 δεύτερον
574 729 633 800 ὑπὲρ
646 733 695 782 τῶν
708 729 763 782 καθ’
775 731 838 802 ἡμᾶς
851 728 983 802 δογμάτων
996 729 1088 799 βιβλίον
1106 728 1210 790 ἀναδοὺς
1221 731 1273 790 τοῖς

112 815 286 885 δεδηλωμένοις
298 813 413 887 ἄρχουσι,
431 815 488 885 θείῳ
505 819 695 886 καταιωρεῖται
711 816 846 887 μαρτνρίῳ.
876 816 931 871 Sub
943 815 1047 869 Aurelio
1064 816 1145 885 igitur
1161 813 1273 878 civero,

112 915 173 970 qnos
184 917 241 971 cap.
254 919 316 967 xm,
333 903 387 954 sire
401 898 441 966 ιδ’,
458 901 591 956 Antonino
602 903 648 954 Pio
661 903 820 956 successisse
832 901 1035 972 significaverat,
1051 901 1192 954 secundam
1204 901 1273 970 Apo-

110 986 204 1056 logiam
218 987 324 1052 obtulit,
341 993 367 1040 et
384 1003 477 1057 passos
490 993 529 1040 est
540 987 663 1043 lustinus.
686 987 798 1041 Eusebio
811 989 952 1042 assentitur
962 987 1067 1040 Hieron.
1079 987 1107 1039 in
1118 987 1213 1056 Script.
1226 985 1273 1042 iic·

110 1071 166 1123 cles.
178 1077 205 1123 et
216 1071 331 1126 Photius.
355 1072 436 1125 Hodie
448 1073 541 1126 instini
553 1073 620 1126 duae
631 1077 724 1126 extant
735 1073 888 1144 Apologiae.
911 1072 1010 1126 Harum
1021 1073 1091 1143 prior
1103 1071 1135 1124 ed
1147 1071 1274 1125 Senatum

109 1157 264 1210 inscribitur.
278 1157 410 1211 Posterior
421 1159 532 1211 eundem
543 1159 655 1228 praefert
666 1159 780 1222 titulum,
792 1175 871 1228 quem
883 1159 981 1229 primae
990 1157 1134 1228 Apologiae
1145 1156 1273 1210 Eusebius

110 1242 237 1307 attribuit,
252 1254 345 1313 nempe
362 1240 527 1313 Αὐτοκράτορι
545 1241 612 1313 Τίτῳ
630 1240 706 1314 Αἰλίῳ
724 1241 845 1313 Ἀδριανῷ
862 1241 1000 1314 Ἀντωνίνῳ
1023 1239 1136 1312 dissilit,
1154 1241 1272 1312 Σεβαστῷ

110 1326 222 1396 Καίσαρι,
235 1327 275 1378 aci
287 1327 448 1398 Οὐηριοσίριιρ
460 1326 506 1399 υἱῷ
518 1328 671 1398 Φιλοσοφιρ,
689 1328 729 1380 καὶ
741 1328 839 1398 Aooairp
851 1327 991 1397 Φιλοσόφῳ
1005 1327 1125 1398 Καίσαρος
1138 1327 1206 1397 priosr
1218 1325 1272 1396 υἱῷ,

110 1411 146 1462 nsi
161 1411 284 1481 Εὐσεβοῦς
300 1411 436 1483 εἰςιιοιρτῷ.
460 1413 557 1467 Neutra
572 1413 666 1468 harum
682 1414 732 1466 soli
743 1413 874 1467 Antonino
891 1417 931 1466 est
948 1414 1079 1483 inscripta.
1108 1413 1188 1466 Porro
1206 1429 1273 1483 quae

109 1498 248 1566 posteriore
261 1499 317 1552 loco
331 1506 458 1565 censetur,
476 1516 508 1552 aa
524 1501 610 1570 prima
622 1515 655 1551 ex
668 1499 769 1552 duabus
782 1499 875 1552 oblatis
888 1515 904 1550 a
915 1499 1014 1552 Iustino
1027 1498 1105 1551 videri
1118 1515 1170 1551 non
1182 1499 1273 1552 imme-

109 1583 154 1635 rito
169 1589 265 1653 potest.
287 1584 403 1638 Primum
422 1587 484 1654 quis
500 1587 626 1656 priorem,
644 1601 677 1638 ex
689 1585 807 1648 Eusebii,
824 1585 975 1654 Hieronymi
991 1587 1018 1636 et
1034 1583 1118 1636 Photii
1136 1585 1273 1638 autoritate

108 1667 236 1722 Antonino
255 1669 313 1735 Pio,
329 1671 499 1741 posteriorem
515 1677 576 1740 post
592 1671 647 1722 eins
665 1675 775 1724 mortem
798 1669 903 1722 Aurelio
921 1685 950 1722 ac
963 1670 1030 1722 Vero
1047 1669 1130 1740 impp.
1146 1669 1272 1724 exhibuit.

108 1753 202 1808 Deinde
214 1756 341 1824 quonium
353 1755 481 1810 Eusebius
493 1771 550 1826 cap.
560 1773 603 1808 ιν.
615 1756 694 1808 rerba
712 1755 839 1825 quaedam
855 1771 889 1808 ex
905 1754 1046 1825 posteriore
1058 1755 1187 1824 Apologia
1202 1771 1272 1808 com-

108 1845 246 1904 memorat,
260 1841 355 1910 quibus
366 1845 476 1894 mortem
489 1842 539 1894 sibi
551 1857 567 1893 a
579 1839 716 1894 Crescente
729 1841 820 1910 cynico
832 1841 980 1910 impendere
992 1840 1071 1904 dixit,
1088 1855 1155 1910 quae
1168 1841 1272 1910 quidem

108 1925 132 1978 in
147 1941 178 1978 ea
194 1926 329 1996 leguntur,
344 1943 410 1996 quae
426 1925 503 1980 bodie
520 1927 603 1997 primo
621 1927 678 1979 loco
696 1926 968 1996 ponitur.'aPraeterea
983 1941 1049 1995 quae
1067 1926 1181 1979 secundo
1193 1927 1272 1996 vulgo

108 2011 264 2090 nominatur,
280 2012 386 2064 ineunte
403 2012 528 2066 Antonini
545 2013 653 2082 imperio
671 2011 769 2082 scripta
784 2011 897 2075 ridetur,
919 2026 950 2063 ac
966 2011 1076 2064 subinde
1091 2017 1152 2080 post
1167 2012 1273 2066 Adriani
1340 2039 1344 2048 ·

108 2102 223 2150 mortem.
248 2095 348 2168 Quippe
360 2097 466 2151 Antinoi
477 2098 549 2150 velut
560 2113 648 2150 recens
661 2098 805 2150 consecrati
816 2097 844 2150 iu
855 2098 901 2150 iila
912 2097 1041 2160 meminit,
1060 2100 1103 2148 τοῦ
1119 2101 1160 2150 νῦν
1172 2114 1272 2167 γεγενη-

107 2181 184 2250 μένον.
217 2180 284 2235 Item
295 2181 393 2236 loduici
405 2183 479 2247 beiti,
496 2183 565 2253 qnod
583 2182 687 2253 perinde
699 2186 740 2234 νῦν
752 2181 912 2252 γεγενημένον
930 2183 1056 2252 appeliat;
1072 2183 1145 2236 ouius
1165 2183 1226 2236 belii
1242 2199 1272 2237 ac

107 2266 257 2321 delectionis
275 2273 350 2320 autor
364 2267 416 2322 init
427 2265 633 2324 Barcbochebss.
657 2267 697 2320 Ad
708 2267 772 2322 haec
784 2269 918 2339 inscriptio
931 2269 1000 2338 ipsa,
1019 2283 1098 2338 quam
1116 2270 1194 2338 paulo
1211 2277 1272 2322 aute

106 2353 274 2421 protulimus,
286 2353 398 2423 idipsum
410 2353 518 2406 suadere
530 2359 624 2424 potest.
648 2353 715 2407 Nam
727 2354 873 2418 Aurelium,
886 2353 1139 2424 quemVerissimum
1152 2355 1272 2425 appellat,

106 2438 219 2491 nondum
232 2437 371 2492 Caesarem
382 2448 466 2492 vocat.
490 2439 557 2492 Cum
569 2445 655 2494 tamen
665 2439 805 2494 Luciilleri
814 2445 922 2510 patrem,
935 2440 980 2510 qni
992 2441 1025 2492 ab
1035 2437 1149 2493 Adriano
1158 2441 1271 2510 primum

106 2521 243 2593 adoptatus
255 2522 352 2588 iuerat,
364 2541 395 2577 eo
408 2525 514 2578 nomine
525 2525 659 2594 insigniat.
683 2526 762 2595 Atqui
773 2531 833 2596 post
842 2525 948 2578 Adriani
960 2531 1070 2578 mortem
1079 2525 1198 2578 Aurelius
1209 2526 1272 2579 Cae·

106 2609 167 2660 saris
178 2623 279 2662 nomen
292 2609 410 2662 obtinuit.
434 2609 561 2673 Quocirca
573 2612 662 2664 statim
674 2617 734 2682 poet
746 2611 853 2664 Adriani
864 2625 955 2664 necem
966 2611 1044 2680 panio
1058 2615 1196 2680 antequem
1209 2610 1272 2664 Cae·

106 2709 146 2746 sar
157 2693 333 2765 appellaretur
344 2691 477 2760 Aurelius,
493 2696 607 2765 priorem
619 2696 775 2766 Apologiam
787 2697 866 2768 (qnae
883 2712 1018 2766 perperam
1031 2696 1145 2749 secundo
1157 2697 1215 2750 loco
1227 2713 1272 2766 po·

105 2780 182 2848 nitori
201 2779 326 2832 habuisse
342 2781 450 2834 ridetur.
485 2783 601 2850 Apparet
617 2782 724 2852 insuper
742 2783 874 2835 Verissimi
889 2797 984 2835 nomen
1001 2782 1079 2834 etiam
1097 2787 1156 2851 post
1171 2782 1272 2834 virilem

105 2869 192 2934 togam
204 2881 288 2935 penes
299 2866 418 2919 Marcum
430 2867 563 2920 Aurelium
575 2867 714 2932 resedisse;
728 2867 832 2921 tametsi
844 2867 1005 2938 Capitolinus
1018 2872 1159 2936 antequam
1171 2867 1270 2920 virilem

106 2955 191 3020 togam
209 2957 339 3015 sumeret,
352 2951 535 3020 Verissimum,
552 2970 583 3006 ea
598 2959 737 3023 usurpate,
753 2953 969 3006 AnniumVerom
979 2952 1098 3020 deinceps
1108 2953 1272 3005 nominatum

106 3051 159 3088 esse
171 3037 313 3106 scripserit.
346 3037 450 3088 Virilem
464 3049 545 3090 autem
557 3048 640 3106 ιοριιιιι
652 3043 759 3108 sumpsit
768 3040 950 3108 quintodecimo
962 3042 1056 3090 uerutis
1068 3055 1147 3100 ceno,
1163 3043 1192 3089 ut
1202 3037 1271 3090 idem

106 3125 221 3174 testatur.
240 3121 314 3185 Quod
327 3123 465 3192 superstite
474 3122 558 3176 adhuc
568 3123 681 3176 Adriano
691 3123 797 3178 iactum.
817 3121 951 3193 Siquidem
964 3129 1082 3176 mortuns
1094 3125 1133 3175 est
1143 3122 1271 3178 Adrianus

106 3205 242 3260 Camerino
259 3214 286 3259 et
305 3207 386 3277 Nigro
404 3206 518 3264 Cosam.
531 3209 586 3262 idid.
598 3208 659 3273 lui,
676 3225 745 3262 anno
756 3207 832 3262 Urbis
845 3223 981 3266 recccscr.
1004 3209 1108 3261 Marcus
1121 3224 1181 3261 vere
1194 3216 1271 3262 natus

106 3297 144 3344 est
155 3293 223 3346 Vero
240 3298 268 3346 et
284 3293 389 3363 Augure
406 3293 493 3358 Coss,
510 3310 580 3347 anno
593 3309 763 3348 reoccurxrv.
799 3295 881 3364 igitur
897 3309 994 3348 animm
1011 3295 1107 3363 agebat
1120 3311 1202 3347 rann
1212 3309 1272 3348 cum

105 3377 232 3430 Adrianus
244 3380 366 3432 excessit
390 3377 462 3442 Quae
475 3379 505 3432 de
518 3380 661 3450 Apologiae
679 3380 814 3450 utriusque
829 3386 945 3450 tempore
957 3384 1035 3448 atque
1047 3379 1137 3432 ordine
1149 3379 1271 3444 diximus,

106 3461 182 3518 dubia
198 3480 254 3518 nou
272 3469 358 3528 erant,
375 3464 427 3518 uisi
443 3465 572 3534 quaedam
589 3481 623 3517 ex
634 3465 747 3518 Eusebio
766 3470 792 3518 et
803 3465 862 3518 aliis
873 3465 1070 3528 intervenirent,
1088 3467 1156 3534 quae
1172 3466 1272 3534 negotii

106 3549 269 3618 aliquantum
283 3549 406 3602 iacerent.
430 3551 467 3602 Ac
482 3551 596 3620 puniam
611 3550 740 3604 Eusebius
757 3567 893 3622 capum,
911 3551 966 3604 sire
979 3547 1018 3614 ιζ’,
1035 3549 1196 3604 Christianae
1212 3557 1271 3604 mb-

105 3634 172 3687 licris
183 3633 322 3688 historiam
335 3634 466 3704 quandam
478 3653 511 3688 ex
523 3636 609 3706 priore
621 3635 714 3689 Instini
726 3636 856 3706 Apologia
867 3643 996 3700 recenset,
1013 3651 1079 3706 quae
1092 3637 1118 3688 in
1131 3636 1215 3705 prima
1226 3633 1271 3688 ho-

106 3718 192 3772 dierna
204 3720 359 3775 continetur.
377 3719 476 3772 Deinde
488 3721 556 3773 idem
568 3721 625 3792 ipse
638 3721 751 3774 lustinus
761 3722 836 3792 Apol.
849 3739 875 3774 n.
888 3737 970 3774 annos
981 3737 1027 3786 cn,
1040 3721 1073 3774 ab
1086 3737 1116 3774 eo
1129 3737 1207 3787 anno,
1219 3737 1271 3791 quo

106 3805 282 3858 defensionem
292 3806 369 3857 istam
379 3805 516 3869 scribebat,
529 3803 661 3859 Christum
670 3823 726 3860 esse
736 3813 827 3860 natum
836 3813 970 3862 memorat.
989 3807 1054 3860 Cum
1066 3823 1129 3876 ergo
1140 3823 1267 3861 cxxrvnr.
1294 3831 1316 3871 ρ.
1329 3821 1360 3862 ss.

106 3887 199 3944 Christi
211 3890 435 3944 annoAnioninns
443 3891 505 3944 Pius
515 3891 608 3956 inierit,
621 3907 687 3946 coss.
696 3891 830 3946 Camerino
842 3907 871 3946 ac
880 3892 971 3962 Nigro,
983 3908 1145 3962 consequens
1155 3898 1271 3946 cstanuo

106 3973 229 4028 Antonini
239 3991 296 4030 ιω.
314 3973 380 4030 hanc
394 3993 461 4046 qnae
475 3975 589 4028 secunda
600 3983 758 4042 numeratur,
770 3993 890 4048 quaeque
903 3993 918 4030 a
929 3977 1005 4030 nobis
1016 3978 1087 4047 prior
1099 3977 1272 4043 constituitur,

106 4060 261 4130 Apologiam
278 4077 336 4116 esse
354 4061 486 4132 scriptam.
509 4061 645 4114 Praeterea
656 4063 796 4116 Marcionis
806 4061 932 4116 haeretici
943 4062 1045 4116 duobus
1062 4063 1089 4118 iu
1105 4063 1169 4116 locis
1181 4064 1272 4116 memi-

107 4145 150 4198 nit
180 4145 258 4199 Hnnc
271 4154 358 4200 autern
370 4147 419 4200 snb
432 4147 563 4200 Antonino
575 4145 620 4200 Pio
633 4153 692 4217 post
709 4165 793 4200 annos
806 4147 839 4200 ab
851 4149 924 4200 obitu
937 4146 1032 4201 Christi
1044 4163 1107 4200 οινι
1125 4147 1178 4200 iere
1191 4165 1271 4201 emer-

108 4231 170 4283 sisse
182 4231 358 4285 Tertullianus
369 4231 508 4286 couiirmat
519 4232 563 4286 lib.
575 4250 591 4286 1.
604 4239 694 4286 cenna
711 4233 792 4287 hiare.
805 4250 827 4286 c.
839 4251 893 4288 ιιι.
917 4231 975 4286 Non
991 4233 1077 4303 potuit
1092 4233 1173 4302 igitur
1188 4233 1271 4303 primo

108 4315 229 4370 Antonini
242 4317 363 4387 imperat.
376 4334 445 4370 anno
458 4317 574 4371 defensio
586 4319 631 4371 iile
642 4317 675 4370 ab
686 4317 786 4371 Iustino
799 4335 856 4371 esse
868 4319 971 4388 scripta.
995 4317 1047 4370 Sed
1064 4321 1094 4370 nt
1110 4335 1144 4370 ax
1156 4318 1188 4370 iis
1200 4317 1271 4370 tricis

108 4407 236 4471 utcunque
248 4419 276 4456 se
286 4402 381 4455 veritas
391 4403 517 4473 explicet,
529 4402 594 4456 mihi
603 4403 743 4456 admodum
751 4404 885 4472 probabile
894 4402 1003 4468 ridetur,
1016 4403 1065 4454 nisi
1075 4403 1163 4474 plnres
1172 4403 1272 4458 duabus

109 4501 152 4555 pro
164 4486 319 4542 Christianis
330 4489 472 4558 Apologias
483 4487 599 4542 lnstbrus
611 4487 731 4553 ediderit,
748 4489 855 4542 omnino
869 4489 981 4559 primam
993 4505 1050 4541 esse
1061 4499 1129 4560 quae
1140 4489 1220 4558 vulgo
1233 4505 1272 4542 se·

110 4571 190 4626 cunda
201 4580 365 4644 numeratur;
382 4573 498 4644 adeoque
510 4575 559 4628 snb
571 4575 674 4628 initium
686 4573 812 4628 Antonini
822 4574 943 4645 Imperat.
956 4574 1080 4646 scriptam
1090 4573 1186 4640 iuisee;
1203 4574 1272 4645 qnod
