3200 5158
338 365 500 423 cxxxvm

337 522 401 576 thou
415 525 500 576 mutat
514 535 547 576 ae
559 521 717 576 contraitum
734 519 809 575 docet
822 519 868 574 lib.
878 537 903 576 ι.
915 537 941 592 p.
950 517 1009 576 389,
1043 517 1153 575 iudaeae
1171 519 1241 576 enhn
1252 521 1348 575 uenit
1358 520 1495 591 σῶμα
1589 477 1590 544 l

333 609 441 679 periodo
458 609 495 661 ad
509 618 621 678 tempora
637 625 712 677 oeque
724 606 882 660 Diocletiani
887 607 948 676 plne
958 609 1040 659 ariane
1050 625 1108 660 neca
1119 623 1180 661 eree.
1214 605 1267 660 Sed
1277 624 1333 660 cuna
1345 605 1494 676 (laluppicee
1589 617 1590 686 p

337 696 479 748 neomeniae
490 693 564 746 hida
576 711 651 746 cerae
663 694 804 745 neomeniae
814 700 983 756 morarentur,
993 691 1143 760 synedrium
1160 691 1339 745 Tiheriadenue
1351 697 1494 744 caneoeatia

332 783 426 850 peritia
438 782 608 832 astronomiae
620 781 762 846 macaloth,
778 779 845 829 inter
855 795 926 845 puer,
942 787 970 830 ut
984 780 1109 840 eeiehrno,
1125 777 1212 831 Rahhi
1221 778 1303 831 Addo
1313 781 1377 842 uicit,
1389 795 1433 830 aaa
1445 777 1493 830 Cu-
1589 791 1590 794 ’

337 866 449 935 lippicae
456 865 561 934 periodi
572 881 626 916 cant
639 871 750 933 computo
763 881 885 916 annorum
896 863 1044 916 Alexandri
1053 864 1129 916 einai
1140 863 1264 932 ahrnaato
1275 881 1367 916 meam
1379 865 1441 916 aeni
1451 882 1494 914 ra·

336 953 426 1004 donau
437 953 557 1014 inetitnit,
573 960 602 1002 ut
612 951 754 1002 neomeniae
765 966 813 1000 non
820 964 871 1018 per
877 949 1012 1018 periodon,
1028 950 1075 1002 eed
1088 966 1137 1018 per
1146 953 1229 1018 speum
1239 957 1330 1002 aeteae
1341 950 1449 1002 mediana
1458 949 1495 1000 la·

336 1053 423 1090 narem
431 1044 593 1106 piarentur.
617 1033 677 1087 Οιιιιι
688 1037 769 1102 ipitrrr
781 1035 859 1097 dica,
875 1033 920 1087 uhi
929 1044 989 1087 erat
998 1035 1067 1087 laeua
1079 1035 1133 1087 diei
1141 1035 1328 1098 intercalandi,
1344 1033 1392 1088 hoc
1403 1045 1441 1088 eat
1450 1051 1495 1088 m.

339 1121 405 1184 Oct,
414 1123 624 1191 putarentfirieee
631 1123 744 1189 prienaee
757 1120 835 1184 dian,
846 1123 874 1172 in
885 1137 935 1189 qua
946 1123 1053 1174 arandae
1064 1121 1192 1184 conditur,
1204 1119 1264 1172 hine
1276 1127 1417 1190 conpeta·
1426 1137 1496 1172 aaa·

335 1211 402 1260 inire
413 1209 585 1260 decrwmnt.
620 1204 657 1259 Er
672 1207 733 1274 onia
750 1206 804 1257 dice
816 1208 970 1274 aequinoctii
980 1215 1005 1259 et
1014 1207 1071 1260 ideo
1086 1205 1223 1277 Telcuphae
1234 1206 1391 1260 autumnalia
1401 1214 1461 1260 erat
1468 1209 1495 1258 ia

335 1309 408 1348 xarr.
418 1291 486 1362 Sept.
491 1330 500 1355 ,
516 1292 711 1344 conciderarent
720 1293 748 1342 in
759 1299 817 1358 quot
828 1293 903 1342 annia
918 1289 988 1343 Yieri
999 1309 1017 1344 a
1029 1302 1115 1345 cenna
1127 1291 1309 1354 Macedonico,
1327 1292 1358 1344 id
1372 1299 1411 1344 eat
1421 1309 1440 1344 a
1451 1307 1495 1344 vu.

338 1377 393 1433 Oet.
406 1379 443 1431 ad
452 1393 524 1432 xxxv.
535 1375 604 1446 Sept.
614 1379 642 1428 in
654 1379 785 1428 nntaiora
794 1379 1060 1446 propreeeuasccerit3
1078 1379 1145 1447 qnod
1155 1395 1203 1430 non
1209 1385 1349 1447 potuerant
1359 1375 1494 1446 deprehu-

336 1465 396 1518 dere
412 1467 467 1516 eine
483 1463 601 1516 noenia
618 1465 681 1514 anni
692 1461 723 1517 ll.
733 1462 822 1514 Adda.
855 1461 940 1530 Ipitur
952 1481 969 1514 a
981 1477 1027 1518 vn.
1039 1461 1094 1517 Oet.
1106 1463 1144 1515 ad
1153 1478 1224 1516 nur.
1236 1461 1305 1532 Sept.
1317 1463 1373 1514 dice
1383 1471 1495 1514 centurn

331 1555 465 1620 procetur,
477 1548 565 1618 quidue
576 1555 717 1617 conpetunt
728 1551 791 1600 anni
801 1545 872 1599 4404
883 1564 914 1598 ee
925 1549 1043 1600 doctrim
1055 1547 1087 1601 R.
1097 1547 1186 1600 Addo.
1225 1546 1341 1601 Totidem
1357 1551 1423 1600 enine
1435 1549 1497 1599 aaut

336 1637 400 1688 dant
410 1631 569 1704 κροηγήσεως
581 1629 723 1698 σεληνιακῆς
735 1634 789 1685 diea
800 1649 863 1698 nu,
880 1631 1000 1687 horaeon.
1034 1631 1107 1686 Idem
1119 1637 1145 1686 et
1154 1631 1201 1688 lib.
1212 1649 1247 1686 uu.
1257 1649 1283 1703 p.
1293 1631 1353 1688 etl.
1365 1633 1495 1704 repetitur.

335 1719 432 1773 Verum
442 1716 507 1772 nihil
518 1715 566 1771 hac
577 1716 703 1788 Sceligeri
714 1717 831 1771 doctrine
841 1717 933 1771 cuniae
945 1721 1022 1788 atque
1033 1717 1222 1772 heautontim
1234 1723 1283 1772 eet.
1299 1717 1419 1771 Primum
1428 1718 1496 1771 enin

335 1809 458 1860 mtrwtat
468 1803 494 1858 id
506 1803 574 1874 quod
586 1801 699 1868 dixerat,
714 1802 872 1874 Oulippicaun
883 1803 995 1857 formam
1006 1809 1066 1876 poet
1076 1802 1243 1858 Gomtantini
1251 1807 1372 1874 tempora
1381 1801 1495 1856 noudanu

335 1890 496 1962 repudiatam
514 1888 608 1954 iuieee,
628 1892 655 1941 et
674 1903 742 1942 anuo
758 1888 872 1958 primum
886 1887 943 1944 344.
961 1889 1069 1942 alteram
1085 1889 1158 1943 illam
1173 1889 1228 1942 eiua
1244 1888 1302 1943 loco
1318 1887 1495 1944 eubatitutaun.

334 1974 434 2030 Deinde
444 1975 475 2028 lt.
484 1973 584 2028 Addam
596 1963 620 2027 e'i
632 1973 741 2028 concilio
758 1971 906 2028 interium
922 1978 1034 2044 putatet
1049 1973 1222 2046 repudiandae
1235 1973 1386 2045 Gaiippicae
1396 1974 1494 2045 periodi

334 2077 366 2114 ac
376 2060 525 2116 mantionis
536 2059 711 2114 inedtuendae
720 2063 839 2114 autorem
850 2058 939 2113 iuhee.
961 2059 1001 2114 ed
1016 2058 1080 2114 haec
1097 2059 1214 2114 einedem
1224 2058 1418 2114 Tiberiadenaia
1430 2060 1495 2130 Spu·

335 2147 400 2202 edrii
410 2151 437 2200 et
446 2146 477 2200 R.
487 2145 575 2199 hidae
588 2144 692 2198 decreto
701 2144 854 2200 uenehtaru
865 2161 923 2200 eece
935 2146 997 2200 euni
1008 2144 1136 2217 epocham
1146 2161 1164 2198 a
1171 2144 1281 2200 πιθα.
1291 2143 1325 2198 ad
1333 2163 1408 2200 mv.
1415 2145 1495 2216 Sept,

335 2248 395 2288 eum
411 2237 451 2286 tot
466 2231 528 2286 enni
542 2231 678 2284 conutituti
692 2235 791 2296 arent,
809 2233 874 2301 quot
888 2229 921 2284 ad
936 2247 987 2287 ura
998 2230 1098 2286 dierum
1114 2229 1249 2302 περιήγησιν
1266 2233 1445 2300 requiruntur,
1460 2231 1495 2284 ui·

334 2318 430 2372 mirum
441 2316 516 2370 4104.
548 2315 620 2380 Quae
632 2316 720 2370 omnia
730 2331 823 2386 parum
834 2321 874 2370 est
884 2316 973 2370 inania
984 2321 1011 2370 et
1022 2317 1200 2372 commentitie
1211 2331 1267 2372 oeae
1284 2332 1333 2370 uec
1343 2316 1425 2370 ultiua
1438 2316 1496 2370 acri-

333 2402 416 2474 ptorie
426 2401 576 2467 autoritate,
588 2407 635 2454 ant
643 2402 695 2456 ullo
705 2401 867 2472 antiquitatis
880 2402 1029 2458 teetimonio
1042 2402 1140 2468 iulciri,
1151 2402 1203 2456 uiui
1213 2401 1344 2458 coenaria
1355 2403 1439 2456 etiam
1450 2401 1498 2454 eihi

333 2503 364 2542 ao
373 2486 530 2542 nullomodo
540 2491 714 2542 consentanea
723 2485 847 2541 dicantur.
864 2486 935 2542 Nihil
943 2489 1014 2542 eninr
1022 2488 1091 2560 apud
1100 2488 1262 2560 scaligerum
1271 2505 1332 2542 cum
1343 2487 1372 2542 in
1382 2488 1461 2544 lihria
1469 2487 1497 2540 de

333 2571 441 2628 Emeud.
454 2577 511 2626 tum
521 2571 549 2626 iu
558 2571 627 2642 laag.
634 2570 783 2626 Gauonibue
792 2577 846 2626 tum
859 2575 947 2629 erebro
960 2573 1124 2628 decantatum
1135 2579 1176 2628 eet
1186 2589 1265 2644 quam
1273 2573 1405 2628 noritiurn
1414 2574 1497 2638 illum,

333 2663 462 2723 uicerat,
477 2656 632 2712 Iudaeorum
649 2673 761 2723 ennam,
778 2675 830 2729 quo
848 2659 886 2712 uti
902 2657 1030 2730 hodieque
1047 2661 1144 2725 colent,
1161 2673 1178 2714 a
1193 2659 1224 2715 u
1238 2659 1330 2715 Hiliele
1347 2661 1429 2730 longe
1440 2663 1499 2731 poet

333 2744 364 2798 R.
374 2743 503 2798 Samuelie
514 2742 602 2798 liddae
613 2748 731 2814 tempora
742 2745 920 2814 excepturum
930 2744 1021 2800 iuieee.
1043 2744 1081 2800 Ac
1093 2763 1126 2799 ne
1138 2745 1290 2800 calumniiri
1302 2746 1389 2800 eciena
1400 2745 1497 2810 ridear,

333 2845 394 2884 oum
404 2829 437 2882 iie
449 2845 515 2900 queo
526 2829 554 2883 iu
566 2845 642 2901 opere
653 2829 698 2884 illo
710 2829 741 2884 de
752 2829 938 2884 Emendatione
955 2830 1060 2902 ecripeit
1074 2831 1221 2897 canorem,
1237 2845 1304 2902 quae
1319 2831 1347 2886 in
1362 2835 1496 2902 poetreuuo

332 2931 412 2986 quem
423 2929 455 2968 ea
466 2915 497 2969 de
508 2931 536 2969 re
547 2915 627 2970 edidit
640 2915 706 2970 lihro
717 2915 821 2986 penitae
834 2931 890 2970 aee
898 2915 1001 2972 divom
1011 2932 1042 2970 nc
1053 2917 1199 2989 pugnantia
1209 2915 1339 2987 leguntur.
1366 2915 1439 2972 Nam
1449 2917 1497 2972 iaa-

332 3016 395 3072 gog.
406 2999 468 3056 cen
480 3000 526 3057 lib.
536 3019 576 3058 ιιι.
587 3018 613 3073 p.
623 2999 680 3056 215.
702 3000 813 3072 Templo,
826 3001 922 3072 iuquit,
935 3001 1020 3056 adhuc
1032 3011 1128 3067 atante,
1139 3007 1231 3056 aeneia
1241 3019 1308 3055 ruere
1319 3003 1422 3056 lunaria
1431 3003 1496 3073 Hip

299 3153 300 3156 Ἴ
327 3087 428 3157 parchi
438 3091 465 3140 in
477 3105 546 3140 aean
562 3107 581 3140 a
593 3088 700 3140 ladano
714 3095 831 3158 receptur
848 3097 912 3142 erat.
945 3087 1008 3141 Poet
1018 3089 1143 3142 recidiua
1155 3089 1251 3159 templi,
1268 3096 1297 3140 at
1311 3089 1496 3157 misor-ale

332 3174 457 3243 quaedam
463 3181 590 3242 perpetua
602 3175 666 3226 anni
677 3174 773 3236 acilio,
791 3191 836 3244 pao
850 3173 973 3244 piaeque
988 3177 1067 3228 orante
1078 3173 1231 3228 ludaeorum
1242 3171 1366 3243 διασπορὰ
1376 3182 1496 3236 ιιιονειυ,

232 3303 254 3343 9·
263 3293 307 3336 m
328 3261 414 3327 priona
426 3268 509 3328 cyprum
516 3258 662 3328 publicauit
671 3257 703 3310 R.
711 3257 815 3312 Samuel
830 3267 988 3328 ceqnomente
1005 3258 1157 3322 larchinai,
1173 3261 1278 3312 circiter
1293 3277 1388 3312 annana
1400 3258 1497 3312 cantet

333 3357 426 3398 dener.
435 3344 496 3412 plne
504 3348 598 3396 nu'nue:
610 3346 710 3413 quando
719 3343 979 3414 Iudaeiepraecepit‚
991 3345 1208 3398 etrelictaoeteri
1219 3343 1342 3414 Telnpha
1350 3348 1378 3396 in
1386 3361 1435 3400 nur.
1444 3345 1495 3396 Oet.

337 3425 483 3497 Telcuphanu
492 3427 620 3496 Soeiyenie
631 3429 762 3483 lulianam
776 3433 803 3482 in
814 3429 962 3500 xxrv.8ept.
975 3427 1192 3501 amplecterentur.
1226 3429 1288 3499 lpee
1305 3433 1383 3484 enan
1399 3435 1495 3500 prinus

333 3513 487 3567 laderaren
499 3530 529 3566 ea
538 3515 679 3575 definitione
690 3519 782 3568 nueneie
793 3516 893 3568 lunaria
900 3515 1073 3587 Hipparchea
1082 3515 1248 3586 deprehendit
1255 3517 1393 3568 άὶιονίιιιιιι
1405 3533 1493 3570 ennea·

333 3600 508 3654 decadteridoe
519 3599 640 3652 Iulianae
651 3609 676 3654 et
683 3601 783 3654 lunare'e
794 3619 847 3655 eree
858 3600 913 3656 hor.
921 3601 944 3654 1.
954 3600 1013 3655 485.
1029 3599 1122 3656 Poetea
1135 3601 1166 3656 R.
1177 3601 1258 3654 Adde
1269 3599 1328 3654 Bor
1337 3600 1446 3666 Ahala,
1457 3605 1494 3654 eir

332 3685 433 3738 meula
448 3701 492 3738 erro
510 3685 662 3738 Iudaeorum
678 3687 848 3750 doctieeimne,
867 3690 1004 3757 peneitatie
1018 3685 1170 3757 Hipparchi
1184 3686 1341 3750 rationihue,
1360 3704 1393 3740 ae
1408 3688 1494 3758 paitru

238 3833 242 3840 Ι
332 3771 556 3824 enneadecoiterie
568 3771 644 3824 lunae
652 3774 733 3824 minor
746 3781 784 3824 eet
793 3790 845 3826 una
857 3773 1099 3826 enneadecaiteride
1112 3771 1249 3843 Galeppica
1265 3770 1319 3824 hor.
1326 3773 1351 3825 1.
1366 3771 1433 3836 485,
1449 3773 1493 3824 hoe

332 3873 434 3910 erceew
446 3859 473 3908 in
483 3855 518 3908 19
530 3857 662 3910 distributa
674 3857 775 3925 collepit
784 3855 839 3914 hor.
849 3861 875 3912 0.
886 3857 970 3927 82¹1„
978 3860 1010 3912 de
1018 3859 1160 3927 wadrante
1169 3857 1280 3924 Iuliano,
1290 3860 1345 3910 eine
1351 3856 1492 3929 Galippieo,

332 3943 503 4020 deducendum
514 3959 580 4004 eece,-
592 3950 621 3994 ut
630 3941 717 3994 rnedna
729 3946 793 3996 anni
802 3947 837 3996 eit
847 3945 943 3996 dieram
953 3943 1008 3996 365
1014 3981 1021 4007 ‚
1034 3943 1059 3996 5.
1072 3941 1195 4012 997¹¹l„.
1215 3943 1302 4004 Quare
1314 3942 1346 3996 ll.
1357 3944 1440 3998 Adda
1450 3944 1492 3996 la·

332 4031 428 4082 liarearn
446 4045 538 4081 annurn
560 4035 585 4080 et
602 4025 728 4080 Sanuehh
748 4026 882 4098 Telrnphae
898 4032 999 4092 reiecit,
1017 4029 1084 4098 quod
1101 4029 1180 4082 eidem
1196 4028 1301 4081 Iuliano
1318 4029 1361 4081 die
1371 4039 1492 4099 perpetuo

332 4114 479 4178 haererent,
495 4117 551 4184 ipae
567 4131 625 4166 cero
641 4129 695 4164 curn
712 4131 805 4166 annuum
821 4116 943 4184 tropicon
955 4113 1149 4184 Hu'erareheurn
1160 4117 1213 4166 anie
1230 4113 1388 4178 clauderet,
1407 4119 1435 4168 in
1448 4131 1491 4183 quo

327 4208 388 4270 poet
401 4197 457 4252 304
468 4216 548 4252 annae
563 4200 625 4252 eolie
641 4214 674 4251 cc
690 4198 766 4250 lanae
781 4202 893 4252 rationea
909 4201 946 4252 ad
961 4202 1078 4252 amneeinu
1094 4200 1235 4268 quadrant,
1253 4215 1298 4250 nec
1314 4209 1353 4252 eet
1366 4199 1422 4252 ulla
1434 4216 1491 4268 rpo-

332 4285 467 4356 tumuere,
485 4294 531 4338 aut
546 4283 727 4355 peripatetica,
750 4282 884 4354 Telrnphae
901 4285 971 4338 aliae
986 4287 1109 4348 instituit,
1127 4301 1191 4353 puae
1208 4301 1264 4336 euna
1280 4285 1418 4336 novilunia
1429 4286 1492 4358 pari

327 4387 437 4441 proreue
446 4373 547 4423 ratione
559 4389 577 4421 a
589 4368 688 4422 Iuliani
699 4373 762 4422 anni
772 4369 869 4440 epocha
881 4371 1073 4424 retrocederent.
1100 4369 1102 4372 ’

399 4455 480 4509 Otene
489 4459 529 4508 eet
537 4459 625 4508 enam
634 4469 650 4506 a
659 4452 784 4525 Teknpha
792 4454 886 4520 Nicen,
896 4472 949 4509 uon
958 4461 988 4508 ut
996 4454 1114 4519 Samuel,
1123 4469 1139 4508 a
1148 4451 1273 4526 'I'ekuphe
1278 4453 1347 4508 'lieri
1354 4495 1361 4520 ,
1369 4455 1488 4526 prhnun·

331 4557 382 4610 que
391 4539 472 4594 Niean
483 4539 511 4594 iu
523 4555 554 4593 ee
566 4545 642 4594 nocte
654 4539 788 4594 cohoeerit
799 4557 866 4611 quae
878 4545 968 4596 secute
979 4545 1019 4594 eet
1026 4539 1151 4610 Kahhpr.
1159 4538 1224 4594 ieria
1233 4557 1265 4604 v,
1277 4539 1353 4594 cuiue
1362 4539 1489 4594 character

331 4625 356 4680 5.
370 4625 393 4680 1.
406 4625 456 4678 770
467 4641 535 4680 enno
548 4623 664 4680 hodierni
675 4627 790 4698 computi
801 4625 886 4692 4017,
899 4632 925 4680 et
936 4626 969 4680 ab
982 4641 1012 4680 eo
1025 4623 1134 4680 deducto
1147 4623 1295 4680 ohanna
1306 4641 1345 4682 vn
1356 4639 1488 4690 muorun,
