3200 5158
517 254 536 294 e

1202 373 1269 430 Cllll

105 542 208 584 munus
220 545 271 600 quc
282 529 419 602 Augustus
429 529 496 584 obiit
505 530 644 587 conuenire
653 533 754 600 petest,
769 529 815 584 eed
826 528 859 584 sd
870 528 968 584 'liberii
980 545 1031 595 uc,
1049 533 1080 582 ut
1088 527 1202 584 licoides
1214 529 1269 584 ehi·

104 633 155 685 que
173 615 369 680 demonstrent,
389 617 434 687 qui
450 615 500 669 hcc
516 621 650 686 prseteree
670 614 839 680 confirment,
859 629 944 685 neque
965 631 996 669 eo
1017 631 1069 686 quc
1089 619 1208 670 mortuns
1230 619 1270 670 eet

102 701 243 772 Augustus
255 717 338 767 enno,
353 717 438 772 neque
452 702 573 772 sequenti
583 701 663 756 ullsm
675 701 738 756 solis
749 700 859 771 eclipsin
871 700 1004 756 eccidisse.
1029 699 1186 754 Crediderim
1197 702 1270 772 equi·

103 787 163 840 deur
174 787 289 842 Diouem
307 789 370 842 solis
386 788 515 842 deiectum
529 805 577 858 pro
589 788 674 842 lunari
685 803 732 858 per
743 785 944 858 imprudentium
955 785 1087 840 habuisse.
1109 784 1177 840 Nem
1188 787 1266 857 peulc

101 881 163 942 post
174 873 292 943 Augusti
302 879 413 928 mortem
423 874 488 928 lune
499 873 604 939 deiecit,
616 873 688 944 Sept
699 891 796 938 nrm,
808 872 881 927 cuine
893 887 973 944 snpre
983 872 1158 927 meminimus.
1186 871 1270 936 Quem

100 973 164 1012 uero
176 959 247 1012 feles
258 960 294 1013 eit
302 959 537 1030 ldiddelburgensis
552 959 598 1013 ille
613 960 679 1014 retio
696 964 769 1030 petet
779 974 813 1013 ex
825 975 856 1011 ec
868 958 937 1028 qnod
949 973 1029 1029 supro
1040 959 1210 1012 constitutum
1221 965 1269 1024 eet,

100 1045 257 1114 Augustum
268 1061 337 1100 euno
348 1045 463 1116 vulgetis
475 1061 552 1100 ceree
563 1063 629 1112 xre,
641 1063 693 1099 nou
706 1063 761 1111 ru,
778 1049 911 1101 mortuum
923 1060 990 1098 esee.
1012 1044 1047 1096 st
1058 1043 1161 1115 eclipsis
1172 1045 1217 1098 ille
1228 1062 1269 1098 sc·

101 1130 134 1184 lie
152 1131 234 1184 tertie
252 1137 312 1202 post
328 1132 384 1185 eius
402 1132 502 1188 obitum
518 1147 588 1186 enno
605 1131 723 1202 contigit
757 1131 871 1201 Augusti
882 1147 942 1184 vero
958 1135 1070 1184 mortem
1084 1130 1114 1183 in
1129 1131 1270 1186 triennium

100 1218 267 1270 summoveri
276 1233 324 1270 uec
335 1216 444 1272 Herodis
459 1233 598 1284 enucrnm,
615 1233 664 1272 nee
679 1218 762 1288 ipsine
773 1217 897 1286 Augusti,
914 1220 1036 1270 eccurete
1051 1217 1210 1287 computatio
1222 1233 1270 1271 uec

100 1301 288 1356 historicorum
300 1305 438 1358 consensio
449 1303 582 1375 permittit
605 1303 643 1356 hc
655 1303 678 1356 si
686 1319 777 1356 verum
788 1308 866 1366 esset,
878 1302 947 1372 quod
958 1301 1054 1356 Penius
1066 1301 1206 1367 contendit,
1217 1320 1269 1358 non

100 1389 225 1455 biennio,
238 1389 285 1442 esd
297 1389 420 1454 triennio,
432 1389 574 1458 Dionysius
586 1387 760 1442 hellucinetue
771 1388 846 1444 ieret
864 1387 964 1458 Quippe
974 1387 1044 1442 idem
1056 1403 1141 1442 eunus
1153 1388 1198 1458 qui
1209 1388 1269 1442 Dio·
1317 1435 1320 1442 ,

101 1474 180 1542 nyeic
193 1491 250 1529 xiv.
263 1478 314 1540 est,
330 1491 373 1528 xv.
390 1475 423 1528 eb
439 1473 551 1528 Eusebio
568 1480 727 1540 numeretur,
745 1474 815 1544 quod
830 1475 853 1528 is
868 1474 982 1528 uetelem
994 1471 1090 1528 Christi
1105 1474 1226 1528 coniiciet
1241 1475 1269 1528 in

100 1575 204 1614 eruum
216 1560 323 1615 tertium
335 1560 437 1630 Olymp.
451 1575 551 1625 crocu,
569 1577 621 1630 quo
639 1561 730 1614 ecdem
746 1576 816 1614 enno
827 1559 933 1614 ineunte
944 1575 1005 1612 sere
1017 1557 1112 1612 Christi
1122 1559 1270 1616 Ilueebisne

101 1645 210 1699 initium
222 1644 314 1711 hebet,
333 1646 431 1700 lulisnc
445 1663 518 1710 xer„
535 1645 697 1716 Dionysiana
708 1663 770 1700 rero
781 1647 901 1716 sequenti
911 1661 983 1700 ruri.
1007 1646 1104 1700 Verum
1114 1645 1146 1702 de
1158 1645 1270 1716 Augusti

100 1737 127 1784 et
138 1731 254 1786 Herodis
265 1732 340 1786 suuis
348 1749 411 1786 mcx
424 1730 560 1786 dicendum
571 1733 627 1788 erit.

151 1935 401 1993 EXCUTIUNTUR
416 1937 460 1991 EA
478 1937 567 2002 QUAE
585 1935 763 1994 ADVERSUS
781 1933 1017 1992 DIONYSIANAM
1034 1935 1153 1992 AERAM
1169 1935 1218 1990 nx
1294 1953 1369 2004 etro.

363 2023 505 2078 IOSEPHC
522 2021 635 2078 NUPER
652 2021 754 2078 OBllCl
772 2021 903 2076 COEPTA
920 2021 1016 2076 SUNT.

171 2160 297 2215 Omnium
310 2177 378 2232 quse
388 2163 514 2233 superiori
526 2163 611 2234 capite
622 2159 793 2216 disseruimus
805 2177 836 2214 eo
848 2176 951 2214 summe
960 2160 1039 2226 redit,
1057 2165 1087 2214 ut
1097 2161 1121 2214 si
1136 2160 1195 2232 quis
1206 2161 1267 2216 Dio·

101 2248 245 2316 nyslsnem
256 2261 344 2301 cerem
355 2264 385 2301 ec
396 2265 562 2302 communem
574 2249 640 2302 tueri
648 2249 718 2312 velit,
729 2247 877 2302 ueceeseric
888 2245 953 2300 heec
963 2246 1093 2301 effimere
1105 2247 1206 2312 deheet,
1218 2249 1268 2318 pri·

101 2349 176 2385 nuum
190 2334 248 2386 eine
259 2333 363 2386 initium
375 2349 444 2388 enne
455 2334 555 2388 Iulienc
568 2353 639 2388 xnrr.
656 2333 786 2405 coepisse,
802 2332 831 2388 C.
844 2331 955 2386 Ceeeere
971 2339 997 2386 et
1006 2331 1087 2386 Peulo
1101 2349 1181 2398 core,
1198 2349 1230 2386 sc
1245 2335 1268 2386 ei

100 2419 226 2488 proxime
238 2423 298 2472 ente
309 2420 464 2490 principium
476 2435 551 2474 eeree
562 2425 653 2474 netum
665 2435 723 2474 esse
735 2417 865 2472 Christum
880 2418 1024 2482 existimet,
1039 2417 1066 2470 id
1082 2434 1151 2472 euno
1168 2419 1269 2479 lulieuo
1298 2429 1299 2434 ’

102 2521 163 2559 nur.
177 2504 359 2570 tribuendum,
377 2520 444 2559 coes.
456 2505 575 2562 Cornelio
587 2487 705 2562 Lentulc'
714 2509 741 2558 et
758 2503 897 2576 Calpurnio
908 2503 1014 2558 Pisone:
1032 2503 1124 2558 delude
1139 2502 1271 2558 Christum

101 2606 188 2644 eunce
206 2595 300 2644 netum
316 2607 412 2646 novem
427 2597 454 2644 et
464 2591 558 2661 viginti
574 2592 607 2645 ed
619 2592 779 2662 baptismum
790 2589 944 2654 secessisse,
960 2605 1028 2644 enno
1040 2589 1136 2644 Tiberii
1146 2607 1215 2656 xvc,
1226 2591 1271 2645 Vi-

101 2677 172 2730 nicio
185 2680 212 2729 et
222 2673 343 2746 Longino
356 2692 422 2730 coss.
434 2677 540 2730 ineunte
551 2677 690 2731 tricesimo.
713 2675 767 2731 Hec
784 2691 837 2729 une
852 2676 952 2728 reticne
964 2675 1063 2730 biennii
1075 2675 1270 2748 μοταχρονισμος

102 2763 145 2814 ille
158 2761 272 2814 deriteri
283 2767 382 2831 potest,
398 2777 476 2832 quem
488 2762 605 2833 Scaliger
617 2764 724 2833 eiusque
736 2767 877 2817 sectetcree
888 2761 1028 2827 obiiciuut3
1044 2762 1090 2832 qui
1105 2763 1211 2832 quidem
1221 2779 1270 2822 ¹ue·

102 2835 219 2902 ceeeeric
237 2847 363 2917 sequitur,
379 2849 402 2900 ei
417 2848 528 2907 Lentulo
541 2863 571 2902 ec
582 2848 733 2902 Marcellino
746 2865 811 2901 coss.
824 2848 924 2902 lulieuo
936 2865 1012 2903 xum.
1024 2852 1115 2902 netum
1128 2865 1186 2902 esse
1198 2848 1270 2903 Chri·

101 2941 173 2987 stum
186 2949 305 2998 aceres,
317 2939 345 2987 et
354 2933 451 2988 'liberii
463 2952 519 3000 ru,
530 2934 743 3000 inhonorum,
756 2933 847 2988 eeteds
859 2949 921 2986 eune
933 2933 1064 2988 tricesimo
1073 2933 1129 2988 iem
1141 2935 1270 3001 absoluto,

101 3021 211 3074 ineunte
224 3033 286 3073 vero
297 3019 428 3074 tricesimo
439 3021 536 3091 primo,
548 3021 706 3090 beptirehrm
717 3020 808 3074 fcisse.

172 3105 206 3158 Et
217 3103 344 3159 hactenus
357 3106 461 3176 quidem
473 3113 541 3160 recte
553 3107 700 3160 communis
713 3121 773 3159 nere
784 3105 921 3176 procedere
932 3105 1024 3176 pctuit
1048 3103 1101 3158 Sed
1111 3121 1180 3160 nore
1191 3121 1270 3176 quee-

101 3193 163 3246 dem
182 3195 245 3244 ente
260 3189 307 3244 hos
319 3189 413 3262 viginti
430 3207 512 3245 enncs
529 3191 614 3245 eidem
630 3191 729 3246 mereri
744 3191 922 3245 controversie
936 3191 1029 3262 coepit
1048 3189 1175 3262 Numqui
1190 3193 1217 3246 in
1230 3181 1269 3246 lc-

101 3275 177 3348 sephi
189 3276 339 3346 grauesimi
350 3277 484 3347 scriptoris
498 3276 634 3331 historiem
650 3276 800 3348 diligentius
817 3277 1003 3342 incubuerunt,
1020 3292 1131 3348 umque
1147 3293 1208 3332 cnm
1218 3279 1270 3334 Rc·

101 3364 190 3416 menie
203 3361 332 3415 historicis
343 3363 538 3418 accuratissime
549 3365 727 3429 coutulerunt,
743 3363 838 3417 eruditi
848 3363 1008 3433 scientesque
1019 3362 1183 3434 chronologi,
1194 3365 1270 3420 ieciie

102 3447 330 3519 deprehenderunt
339 3464 393 3502 nou
405 3449 510 3503 biennic
522 3451 620 3514 solum,
632 3450 678 3503 sed
690 3455 716 3503 ct
727 3449 910 3519 quadriennio,
921 3449 964 3503 rel
975 3449 1167 3519 quinquennio,
1179 3467 1270 3504 rernm

103 3533 202 3588 Christi
220 3533 334 3586 netnlem
351 3533 546 3605 anticipandum
564 3551 640 3612 esse⁸
649 3537 673 3590 si
684 3551 746 3589 rere
757 3540 819 3590 suut
829 3550 896 3606 quoe
907 3535 941 3589 eb
952 3535 1005 3588 illis
1016 3533 1144 3588 historicis
1156 3535 1269 3606 produn·

101 3625 153 3673 tur.
178 3619 328 3690 Disputarit
339 3634 370 3672 ee
382 3619 414 3673 de
425 3637 453 3674 re
464 3622 562 3691 primus
575 3622 691 3676 omnium
703 3621 830 3674 Deherius
842 3625 943 3686 ucster;
961 3622 1035 3674 cuins
1047 3621 1204 3674 sententium
1214 3637 1269 3674 enr-

102 3707 199 3774 plexne
213 3711 253 3757 est
264 3711 290 3758 et
300 3705 440 3759 illustrnrit
451 3707 591 3776 plurimum
603 3707 729 3778 Keplerne
739 3707 851 3776 insignis
863 3707 1060 3760 methemeticus
1070 3707 1138 3760 libre
1150 3707 1182 3760 de
1193 3707 1269 3760 Auno

102 3789 206 3854 ticeli,
222 3797 248 3843 et
263 3791 291 3844 in
306 3789 413 3861 Eclogie
429 3790 608 3862 Chrcnclcgis.
643 3791 728 3857 Quom
747 3793 851 3864 illorum
872 3793 1020 3864 opinionem
1036 3791 1143 3862 dignum
1158 3793 1270 3846 arbitror

104 3891 172 3945 quse
184 3876 265 3929 etism
276 3880 354 3944 etque
365 3876 445 3930 etism
457 3877 640 3944 consideretur,
656 3879 792 3950 iudignum
808 3885 875 3930 certe
887 3893 966 3948 quem
978 3895 1037 3932 cuni
1049 3878 1105 3932 eins
1117 3882 1207 3931 eutcre
1218 3875 1269 3930 De-

103 3961 176 4016 lrerio
185 3961 226 4014 vir
237 3961 296 4032 pius
308 3967 335 4014 et
345 3961 461 4015 eruditus
472 3979 538 4032 pene
549 3961 671 4017 hostilem
681 3966 710 4018 in
722 3963 829 4018 modum
840 3963 1023 4034 proscriberet,
1035 3968 1162 4032 tanquam
1173 3978 1268 4016 norem

104 4055 130 4099 et
140 4048 176 4100 eb
187 4062 239 4100 neu
249 4047 329 4100 totius
341 4047 466 4101 ecclesius
477 4053 611 4102 remotam.
635 4046 764 4119 digerere
777 4065 872 4103 norem
888 4065 946 4102 esse
962 4047 1067 4118 quidem
1081 4049 1154 4102 illem
1170 4063 1219 4102 uec
1234 4049 1268 4102 eb

104 4133 220 4202 antiquis
233 4138 384 4203 usurpetum
395 4133 483 4198 rideo,
495 4133 577 4204 qnod,
589 4140 621 4186 ut
631 4133 727 4189 dictum
739 4140 792 4200 est,
804 4149 956 4205 percussum
967 4132 1093 4187 hactenns
1105 4139 1176 4187 esset
1186 4135 1269 4188 omnl-

105 4217 154 4270 hus
166 4217 299 4272 Christum
315 4219 409 4272 eetetis
425 4235 494 4272 suno
509 4219 639 4274 tricesimo
651 4221 811 4290 bsptiretum
823 4236 892 4285 erse,
908 4235 992 4289 neque
1007 4219 1150 4289 perticulee
1162 4216 1216 4280 sicel
1228 4235 1269 4272 re·
1355 4281 1356 4286 ἵ

106 4303 203 4356 tionem
214 4303 355 4358 admodum
366 4304 504 4370 heberent,
521 4305 646 4360 ecclesiae
657 4321 719 4358 rere
735 4305 838 4358 decreto
855 4305 902 4358 ulli
914 4306 955 4358 rel
971 4305 1102 4358 entcritsti
1114 4321 1268 4376 repugnare,

106 4388 132 4441 id
144 4395 294 4443 constenter
304 4405 383 4460 nego.
406 4389 465 4444 Neu
482 4392 552 4445 enim
569 4398 716 4462 temporum
732 4405 912 4461 annorumque
927 4391 1006 4444 tricae
1018 4391 1082 4444 intes
1094 4407 1125 4444 ec
1136 4391 1269 4456 minuties,

107 4479 152 4526 aut
162 4475 357 4529 intervallorum
367 4481 447 4547 etque
459 4476 615 4548 epocharum
627 4474 747 4548 &epidico
759 4481 834 4528 curet
844 4475 977 4540 eccleeele,
994 4476 1040 4528 sed
1057 4483 1160 4557 recepte
1176 4493 1206 4529 ec
1222 4493 1268 4547 po·

107 4560 190 4628 pnlmi
200 4562 436 4632 computandorum
447 4569 593 4633 temporum
604 4563 704 4616 retioue
716 4567 838 4616 concute
849 4567 896 4615 est
914 4561 978 4625 Quis
990 4561 1059 4616 enim
1070 4555 1145 4632 putet
1153 4568 1269 4616 retorem

108 4643 177 4700 illem
188 4661 318 4703 enuorum
329 4648 364 4703 sb
375 4647 438 4704 orhs
449 4647 553 4704 condito
565 4663 695 4704 summere
706 4665 722 4703 e
734 4645 892 4702 Greecorm
902 4647 1019 4704 tontibus
1035 4646 1171 4715 heustm,
1189 4664 1268 4718 quem
