3252 5158
328 401 510 488 eoram

328 558 486 624 consentiet,
502 575 537 613 ex
546 575 580 614 eo
592 559 696 614 deducit
707 559 776 630 quod
787 559 885 630 pascba
895 559 1022 631 primum,
1032 561 1122 616 loauu.
1132 575 1161 616 u.
1173 561 1270 616 diserte
1280 563 1450 617 nominatum
1460 561 1494 618 ab

327 644 385 698 aliia
396 659 549 714 expressum
561 645 609 710 eit,
619 659 682 698 curu
693 645 795 699 sabbau'
803 644 979 716 deuteropreti
990 647 1150 700 mentionem
1161 647 1268 700 iaciunt
1284 649 1341 702 Hoc
1351 650 1424 702 euim
1436 655 1496 720 poet

326 728 437 800 primam
454 745 605 798 azymorum
625 729 722 784 incidit.
757 731 898 786 Historiam
915 731 1048 784 volemum
1065 732 1196 802 spicarum
1212 732 1246 785 ad
1263 735 1377 803 primum
1395 733 1495 804 paecba
1611 729 1612 784 l

326 815 418 868 merito
436 814 515 868 retent
530 814 704 886 Epiphanius,
722 831 756 868 ex
772 815 825 869 fine
842 833 915 872 num.
931 815 1007 870 buius
1025 817 1169 886 intelligere
1186 824 1272 888 potes,
1291 818 1361 889 quod
1378 825 1422 872 est
1438 817 1494 872 har·
1611 809 1612 814 ἵ

326 900 430 954 moriae
447 917 527 970 supra
541 917 556 954 a
571 901 648 954 uobis
664 902 813 971 propositae
830 907 1042 956 cousentaneum.
1077 900 1133 956 lanu
1144 919 1205 957 reru
1222 919 1256 956 ex
1269 901 1320 956 buc
1331 909 1494 958 caeterorum

326 985 514 1056 suffragatione
525 987 682 1056 Alogorum,
698 987 941 1040 Valentinianorum
957 1003 988 1040 ao
1005 992 1165 1041 austerorum
1176 988 1342 1042 mendacium
1354 989 1494 1054 mnriucit.
1611 1027 1612 1072 p

327 1071 372 1140 qui
388 1071 494 1124 unicum
508 1071 635 1124 duutmt
646 1069 748 1126 Glarieto
765 1071 863 1143 pascha
879 1072 1022 1126 tribuerint
1057 1071 1124 1126 Gum
1140 1073 1211 1128 euim
1227 1089 1287 1126 eum
1303 1081 1366 1144 post
1381 1075 1495 1144 ρτίωτιοτ

326 1155 425 1227 pascha
435 1157 533 1210 vixisse
550 1161 577 1210 et
593 1173 638 1226 per
653 1162 712 1209 sata
729 1158 863 1212 mansiiese
874 1163 989 1223 constet,
1002 1157 1100 1212 falsum
1112 1165 1215 1212 estune
1227 1159 1352 1229 paschate
1363 1175 1406 1212 res
1418 1159 1453 1212 ab
1462 1177 1495 1212 eo

327 1247 415 1312 gestu
427 1241 603 1296 circumscribi
614 1242 714 1297 debere.

394 1324 449 1380 “leo
461 1327 524 1396 δείξῃ
537 1325 659 1396 σάββατον
672 1328 790 1398 πρῶτον]
824 1329 863 1381 lle
877 1329 988 1382 sabbato
1004 1328 1186 1400 deuteroprcto
1209 1328 1266 1382 ride
1283 1345 1352 1399 quae
1369 1330 1403 1382 ad
1426 1329 1494 1384 haer.

327 1431 390 1466 aaa.
401 1429 473 1466 nura.
482 1429 566 1466 ωτι.
579 1413 776 1483 disputavimus.
798 1412 866 1468 Nam
877 1414 922 1466 illo
935 1414 992 1468 looo
1004 1415 1117 1483 priorem
1129 1413 1267 1484 Epipbauii
1278 1416 1453 1480 senteutiam,
1470 1421 1495 1468 et

328 1497 433 1568 quidem
444 1497 658 1567 probabiliorem,
675 1499 852 1568 exposuimus.
888 1497 960 1562 Quae
975 1505 1065 1552 autam
1081 1498 1131 1552 boo
1147 1501 1174 1552 iu
1191 1515 1298 1552 numero
1311 1500 1433 1564 traditur,
1449 1501 1493 1554 ob

327 1582 426 1636 scumor
440 1587 484 1635 eat
499 1589 525 1635 ot
538 1599 555 1636 a
567 1599 628 1636 uera
638 1583 758 1636 vocabuli
774 1584 843 1636 illim
860 1584 961 1653 origine
973 1600 1004 1638 ao
1016 1585 1122 1638 notione
1138 1586 1268 1640 remotior.
1302 1584 1410 1655 Duplex
1427 1585 1494 1654 apud

327 1666 438 1720 Iudaeos
449 1667 554 1721 sabbati
564 1683 649 1737 gaurus
661 1669 804 1722 coustituit.
839 1667 926 1722 Uuum
937 1670 1069 1738 antiquius
1082 1675 1108 1720 et
1119 1671 1249 1732 ommate,
1268 1669 1339 1738 quod
1355 1671 1391 1722 ab
1407 1685 1495 1724 rerum

327 1753 547 1806 inducendum
558 1763 610 1817 est,
628 1753 738 1807 alterum
754 1753 898 1808 seeundum
913 1761 940 1807 et
956 1755 1106 1824 posterioris
1123 1754 1234 1819 ordinis,
1251 1755 1314 1824 quia
1324 1754 1417 1808 ludaei
1429 1755 1495 1808 resa

329 1838 417 1892 omnia
428 1839 540 1891 sabbata
551 1838 692 1902 amabaut3
705 1839 774 1910 quod
786 1855 800 1892 e
810 1839 946 1909 Scriptura
956 1840 1125 1893 demonstrat.
1148 1840 1211 1892 idox
1224 1855 1285 1893 vero
1295 1840 1414 1892 subiicit:
1425 1837 1458 1899 εἰς
1470 1838 1495 1890 δὲ
1611 1887 1612 1920 ,

328 1921 389 1976 laris
401 1921 491 1992 ἡμέρας
504 1920 576 1974 aaa
589 1920 799 1994 ἀνακυιλοομνον
812 1924 922 1993 δεύτερον
935 1923 1045 1976 καλεῖται
1056 1926 1163 1996 πρῶτον,
1198 1925 1239 1978 Ex
1254 1924 1361 1994 quibus,
1378 1931 1409 1976 ut
1424 1931 1452 1976 et
1462 1941 1495 1976 ex
1611 1929 1612 1950 l

328 2009 496 2079 mouentibus
512 2009 559 2062 illa
574 2008 712 2079 Epiphanii
727 2010 857 2063 sententia
872 2009 1000 2080 posterior
1015 2009 1125 2074 elicitur,
1142 2009 1280 2062 sabbatum
1292 2009 1495 2079 deuteroproton
1611 2005 1612 2056 ἶ

328 2111 387 2148 esse
398 2099 580 2166 pentecosten,
591 2095 619 2147 iu
631 2111 684 2164 qua
695 2093 807 2164 δεύτερον
819 2094 883 2148 illud
895 2095 1033 2148 sabbatum
1045 2097 1144 2165 πρῶτον
1155 2095 1305 2164 appelletur.
1340 2093 1395 2146 Cur
1407 2100 1495 2147 sutem

329 2181 525 2249 bsorsptapoocoe
544 2179 643 2244 dicitur,
660 2179 726 2232 nibil
743 2186 862 2250 apertum
877 2196 909 2232 ao
923 2179 1052 2249 liquidum
1069 2197 1102 2232 ex
1118 2179 1257 2250 Epiphauii
1268 2179 1354 2232 verbis
1367 2179 1495 2232 extricare
1611 2193 1612 2248 J

327 2281 449 2335 possum,
461 2264 506 2317 sed
515 2265 564 2317 illa
572 2265 715 2318 blaldouati
724 2266 840 2334 opinioni
848 2265 907 2318 lauio
916 2265 1054 2336 aptissime
1062 2263 1170 2329 videtur,
1183 2265 1307 2334 quoniam
1317 2281 1352 2317 ex
1365 2265 1495 2335 primariis

328 2349 411 2404 tribus
422 2351 509 2414 demis,
522 2350 576 2402 sive
588 2350 717 2415 sabbatis,
730 2367 894 2418 asymoruru,
906 2351 1096 2420 primitivorum
1102 2352 1135 2402 'et
1146 2351 1331 2419 scenopegiae,
1343 2351 1495 2420 proximum
1611 2399 1612 2426 3

328 2435 441 2505 aptiore
451 2440 479 2488 et
491 2433 601 2504 δεύτερον
614 2435 649 2488 sit
659 2439 821 2504 pentecostes
833 2437 952 2500 solenne,
969 2435 1027 2488 ideo
1042 2435 1239 2505 ὃευτερότρωτον
1255 2435 1391 2504 appellari
1428 2436 1495 2488 llaec

329 2519 408 2588 igitur
418 2520 498 2572 altera
506 2525 546 2571 est
553 2519 692 2590 Epipbauli
700 2521 830 2574 sententia
840 2537 871 2573 ac
880 2521 952 2574 uocis
964 2520 1035 2572 illius
1046 2521 1236 2590 interpretatio,
1248 2537 1265 2572 a
1273 2520 1409 2590 superiore
1417 2521 1494 2589 louge

330 2604 428 2657 diuersa
439 2609 476 2667 et,
488 2605 511 2658 ei
524 2621 613 2657 verum
625 2605 701 2658 fateri
712 2605 845 2672 volumus,
858 2607 945 2658 miuus
958 2621 1037 2675 quam
1047 2605 1093 2658 illa
1103 2605 1254 2675 probabilis.

398 2689 503 2754 Teredon
513 2687 572 2758 ἁγία
580 2695 624 2742 τοῦ
634 2689 828 2759 opossitione]
845 2691 1034 2744 Prosabbatum
1046 2690 1112 2744 nibil
1121 2691 1192 2744 aliud
1203 2695 1243 2743 est
1253 2707 1331 2760 quam
1340 2707 1493 2760 parassem

330 2773 399 2844 quod
411 2773 444 2826 ad
453 2773 523 2827 buno
534 2777 620 2828 locum
631 2777 743 2845 pertinet
753 2775 826 2832 nibil.
857 2776 916 2830 Nou
932 2777 1002 2830 euim
1019 2789 1169 2844 azymorum
1182 2794 1227 2830 vn.
1240 2776 1266 2828 in
1277 2791 1442 2844 parasceven
1453 2793 1494 2830 ne

330 2860 442 2913 oessario
460 2862 593 2926 convenit,
610 2878 690 2930 quam
706 2861 817 2914 subinde
833 2863 860 2914 iu
871 2881 899 2927 a,
915 2855 1231 2926 aut11.,'autnr.ieriam
1249 2860 1339 2914 cadero
1356 2878 1437 2930 posse
1454 2861 1493 2914 de

329 2945 419 2998 clarat
445 2946 496 2998 Aut
507 2947 587 3016 igitur
599 2947 774 3017 expungenda
785 2947 836 2999 iata
846 2963 899 3000 vox
911 2951 964 3010 est,
977 2952 1023 3000 aut
1034 2944 1206 3016 προσάββατον
1218 2963 1264 3015 pro
1278 2965 1304 2998 vr
1316 2943 1494 2999 hebdomadae

330 3031 422 3084 dicbus
445 3033 592 3101 usurpavit,
614 3047 679 3102 quas
702 3035 778 3104 mn,
796 3031 845 3086 boc
860 3032 1047 3103 estproiauas,
1064 3031 1212 3095 nominant,
1223 3045 1343 3100 quasque
1355 3032 1494 3084 sabbatum

330 3115 492 3170 aumoednut.

397 3200 443 3254 Διὰ
455 3200 482 3254 rb
495 3201 529 3272 μὴ
541 3200 573 3265 εἰς
585 3201 699 3270 πλάτος]
729 3203 820 3258 Scribo
832 3202 872 3256 διὰ
884 3201 911 3255 δὲ
922 3203 950 3254 ab
964 3199 997 3272 μὴ
1010 3200 1041 3264 εἰς
1054 3199 1145 3262 πλάτος
1158 3201 1236 3273 φέρειν
1248 3201 1289 3253 obv
1302 3199 1390 3272 λόγον,
1403 3199 1443 3254 tat
1454 3201 1494 3270 cip
1611 3223 1612 3232 ο

329 3285 482 3340 ἀκολουθίαν.

397 3373 428 3426 N.
437 3391 532 3428 aaran.
550 3368 611 3428 atre
623 3391 682 3436 τινες
694 3371 718 3436 ἐξ
730 3373 811 3426 αὐτῶν
824 3372 917 3441 πάλιν]
942 3373 1106 3427 Obiiciebaut
1115 3373 1239 3426 baeretici
1249 3373 1404 3426 mendacem
1415 3374 1494 3428 falsu
1611 3391 1612 3398 ¹

330 3460 466 3524 loannem,
484 3460 529 3529 qui
547 3461 580 3514 ad
597 3475 655 3514 eum
670 3461 809 3514 eeclesiam
827 3459 896 3512 edita
913 3459 963 3512 sibi
980 3476 997 3511 a
1013 3457 1117 3511 domino
1135 3458 1259 3512 mandata
1274 3459 1413 3525 scriberet,
1430 3476 1495 3530 quae

331 3545 403 3598 nulla
414 3549 470 3598 turn
482 3551 559 3600 esset.
575 3545 725 3616 Respondet
732 3544 892 3616 Epiphanius
904 3543 954 3598 boo
964 3545 1022 3613 ipso
1034 3549 1154 3598 constare
1165 3543 1345 3614 propheticum
1356 3543 1430 3598 bunc
1439 3562 1495 3598 esse

330 3631 437 3695 librum,
453 3647 513 3684 cum
531 3630 564 3684 ad
581 3631 717 3684 eeclesiam
733 3631 877 3701 scripserit,
893 3645 973 3700 quam
990 3630 1052 3683 olim
1063 3629 1177 3683 futuram
1191 3637 1375 3698 cognosceret,
1392 3632 1495 3684 tametsi

332 3717 425 3785 quibua
437 3716 567 3770 scribebat
578 3717 736 3786 temporibus
748 3716 864 3769 urendum
874 3720 978 3768 extaret
988 3714 1050 3769 ulle.
1072 3714 1122 3768 Sed
1134 3713 1198 3768 baec
1210 3713 1347 3785 llpipbauii
1359 3717 1495 3786 responsio

331 3801 383 3855 nisi
399 3799 567 3862 ἁντολεκτικῶς
589 3809 614 3854 et
636 3801 669 3854 ad
687 3800 832 3866 bominem
855 3807 882 3854 et
894 3800 974 3869 vulgo
989 3801 1138 3870 loquuntur,
1155 3801 1326 3870 accipiamus,
1343 3799 1417 3854 haud
1434 3803 1495 3856 satis

331 3887 472 3957 probabilis
483 3885 591 3940 ridetur.
608 3887 646 3940 Ac
656 3885 736 3954 louge
747 3887 841 3940 metus
853 3891 894 3938 est
904 3901 1001 3954 negare
1013 3885 1118 3939 loannis
1129 3889 1246 3955 tempore
1257 3885 1355 3938 nullam
1365 3885 1495 3956 Thyatiris

332 3973 468 4026 ecclesiam
480 3973 612 4036 extitisse;
625 3971 693 4042 quod
705 3969 867 4042 impudenter
877 3969 1002 4024 baeretici
1014 3971 1116 4024 mentiti
1126 3977 1194 4024 suut.

399 4058 448 4110 Νῦν
460 4056 488 4110 al
499 4054 539 4110 διὰ
550 4057 593 4110 τον
605 4058 687 4127 κύριον
699 4053 722 4107 ἐν
740 4060 777 4125 τῷ
793 4057 879 4126 χρόνῳ
890 4056 993 4125 τούτῳ]
1028 4056 1100 4110 Duas
1116 4057 1175 4108 illae
1193 4071 1260 4124 quae
1276 4060 1404 4124 sequntur
1419 4063 1496 4110 notae

332 4149 478 4214 temporum
495 4144 536 4197 vel
553 4143 715 4197 librariorum
734 4142 812 4206 vitio,
831 4141 873 4194 uel
890 4141 988 4196 autoris
1005 4141 1087 4211 ipsius
1104 4139 1316 4206 hallucinatione,
1338 4141 1496 4212 depravmm

332 4234 402 4284 sunt.
438 4229 542 4284 llierou.
560 4229 588 4282 iu
605 4228 698 4298 Soript
710 4227 806 4280 llocles.
818 4226 941 4280 loannem
958 4227 1051 4280 asserit
1065 4225 1241 4296 Apocalypsin
1256 4225 1391 4295 scripsisse
1408 4227 1495 4281 Domi·

333 4315 397 4368 uani
409 4331 470 4378 arv,
487 4315 533 4383 qui
549 4314 607 4368 iniit
624 4313 723 4368 Iuliano
736 4328 853 4375 oxxxrx,
871 4311 966 4366 Christi
976 4327 1056 4376 serv,
1073 4311 1157 4364 Nonio
1174 4313 1317 4380 Asprenate
1334 4317 1362 4364 et
1377 4313 1494 4366 Arricim

334 4417 401 4453 coss.
424 4397 509 4463 Quare
520 4401 562 4452 vel
573 4398 621 4452 boc
633 4399 690 4468 ipso
707 4413 788 4462 anuo,
804 4399 845 4451 vel
861 4397 981 4468 sequenti
996 4398 1100 4460 saltem,
1116 4395 1227 4450 louuues
1239 4395 1417 4466 Apocalypsin
1433 4399 1495 4451 sesi-
1611 4403 1612 4430 l

333 4485 395 4554 pair.
418 4486 440 4538 A
453 4499 504 4554 quo
517 4490 631 4554 tempore
643 4484 676 4534 ed
687 4499 785 4536 aunum
798 4481 892 4536 Christi
902 4497 1043 4546 occursu,
1059 4497 1110 4550 quo
1123 4480 1282 4552 Epiphanius
1293 4479 1344 4534 boc
1361 4499 1428 4552 opus
1444 4483 1494 4536 ela·

335 4570 454 4634 berabat,
466 4569 528 4622 anui
539 4575 599 4621 sunt
611 4584 745 4631 cccxxxi,
762 4585 815 4620 uon
828 4583 901 4632 oxu,
919 4575 948 4620 ut
958 4566 1055 4621 babent
1066 4565 1203 4636 Epiphanii
1214 4566 1300 4620 rerba.
1335 4563 1437 4620 Deinde
1447 4567 1493 4622 lal-

333 4671 394 4710 sum
405 4661 458 4718 est,
475 4669 526 4724 quo
538 4658 653 4722 tenpore
664 4653 759 4722 scripta
770 4657 810 4706 est
820 4653 1002 4724 Apocalypsis,
1017 4651 1147 4723 Thyatiris
1160 4649 1338 4720 Catapbrygas
1349 4651 1492 4708 haereticos
