3210 5154
225 383 265 446 12
649 391 773 445 smc‘rt
790 391 966 444 ΒΡῙΡΗΔΝΠ

223 507 376 594 όμολογεῖν
393 509 447 592 μέν
466 509 499 576 τό
513 505 576 574 κατ’
591 505 692 574 εἰκόνα
709 504 781 573 εἰναι
797 511 828 575 έν
840 515 884 597 τρῖ
896 507 1070 597 άνθροόπρε,
1101 512 1152 575 ῖνα
1168 509 1209 593 μή
1225 508 1281 593 τόν
1299 511 1386 596 χάριν

222 619 278 677 τοῦ
300 617 377 677 θεοῦ
403 609 596 693 όθετήσωμεν
617 613 668 675 καί
691 609 899 692 όπιστύσωμεν
920 617 994 699 θεῷ.
1028 609 1108 675 Ὅσα
1130 611 1184 694 μλν
1200 607 1258 697 γάρ
1274 615 1350 698 λέγει
1367 611 1386 681 ό

222 710 313 791 θεός,
334 721 428 777 ταῦτα
440 709 542 794 όληθῆ
557 711 705 798 τυγχάνει,
728 715 756 776 εἰ
768 714 817 777 καλ
834 713 956 797 έξέφυγε
971 710 1027 794 τὴν
1042 708 1129 795 ἡμῶν
1144 715 1263 778 ἔννοιαν
1275 716 1307 780 έν
1323 715 1385 780 όλί-

222 839 287 900 γοις
303 813 408 900 λόγοις.
447 813 654 898 Ἀρνήσασθαι
671 805 728 879 σόν
741 820 829 878 τοῦτο
847 812 880 879 τό
899 810 971 878 Κατ’
989 813 1090 878 εἰκόνα
1106 813 1145 880 οῦ
1163 813 1283 894 πιστόν,
1316 813 1386 882 ούτε

224 924 279 999 τῆς
295 914 381 1002 όγίας
396 921 450 981 τοῦ
465 923 543 980 θεοῦ
558 919 719 998 έκκλησῖας.
755 913 855 980 mm
874 913 929 1001 γάρ
945 921 1005 992 ποῖς
1019 913 1185 1000 ἅνθρωπος
1199 923 1304 997 σαφοῦς
1321 915 1384 983 κατ’

222 1017 339 1097 εἰκόνα,
360 1018 412 1082 καῖ
427 1017 528 1092 ούδείς
540 1024 601 1082 τοῖν
619 1017 745 1100 έχόντων
759 1019 801 1092 εἰς
819 1015 891 1082 θεόν
910 1015 966 1099 τόν
980 1019 1084 1083 έλπέδα
1097 1015 1271 1102 άρνήσεται,
1300 1020 1329 1082 εἰ
1342 1017 1384 1102 μή

153 1121 155 1124 ’
222 1117 261 1185 όν
281 1144 358 1196 τινες
371 1121 488 1196 έαυτοῖς
506 1119 626 1201 μύθους
639 1118 838 1197 πλόσσουσιν,
870 1116 1078 1201 ἐκβαλλόμενοι
1093 1126 1147 1200 τῆς
1163 1121 1318 1201 έκκλησίας
1332 1123 1384 1184 καί

221 1227 276 1302 τῆς
289 1227 348 1289 ταῖν
369 1222 504 1303 πατέρων
520 1223 554 1287 ἐκ
571 1227 735 1304 προφητῶν
751 1243 783 1284 τε
802 1222 854 1285 καί
872 1219 986 1303 νόμου,
1018 1223 1068 1286 καλ
1084 1219 1255 1288 άποστόλων
1269 1221 1320 1287 καλ
1335 1221 1384 1287 εύ-

222 1329 397 1408 σγγελεστολν
417 1321 617 1408 παραδόσεως.

85 1638 152 1709 Κεφ.
170 1636 203 1709 γ’.
297 1625 388 1702 “um
404 1604 460 1693 οῦν
475 1630 583 1695 έκεῖνοι
607 1627 843 1712 φιλονεικότερον
861 1629 894 1692 έν
911 1628 1007 1717 τούτῳ
1030 1631 1210 1712 διακείμενοι
1229 1627 1314 1706 ἰκτός
1332 1631 1383 1696 καλ

222 1727 309 1794 αύτολ
333 1732 468 1811 βαίνουσι
491 1737 544 1812 τῆς
560 1727 636 1794 κατά
659 1727 714 1812 τὴν
739 1725 981 1811 έκκλησιαστικήν
1006 1728 1154 1796 ύπόθεσιν
1178 1730 1381 1816 παραδόσεως,

95 1908 102 1919 ⁸
221 1837 274 1911 τῆς
290 1830 487 1913 πιστευούσης
507 1829 570 1896 κατ’
591 1830 692 1896 εἰκόνα
712 1832 765 1913 μέν
786 1828 862 1897 εἰναι
884 1830 982 1896 πάντα
1006 1830 1188 1916 ἄνθρωπον,
1218 1832 1260 1914 μό
1280 1830 1384 1916 όρίζειν

222 1933 254 1998 δέ
273 1935 305 1998 έν
318 1937 396 2020 ποίρι
411 1933 544 1997 τέτακται
562 1931 594 1997 τό
613 1929 677 1998 κατ’
690 1931 805 2010 εἰκόνα,
838 1932 910 2014 μήτε
925 1932 1052 2016 ἐχόντων
1067 1941 1127 1998 τοῖν
1144 1935 1297 2016 μυθωδῶς
1314 1935 1384 2020 περλ

219 2033 333 2099 τούτων
359 2031 631 2116 διαλαμβανόντων,
662 2032 713 2100 εἰτ’
734 2026 789 2100 οῦν
811 2033 1017 2120 όρνονμένων,
1049 2038 1149 2113 δεῖξαι.
1196 2039 1238 2101 Οἰ
1253 2037 1307 2117 μέν
1324 2034 1382 2160 γάρ

220 2137 354 2262 λέγουσιν
372 2138 403 2200 έν
420 2143 456 2224 τῇ
473 2143 557 2225 ψυχῇ
582 2143 772 2220 πληροῦσθαι
792 2136 826 2201 τό
847 2161 903 2200 κατ
901 2132 1046 2215 ἐἰκόνα,
1076 2135 1288 2220 νομίζοντες
1255 2163 1288 2202 το
1306 2135 1382 2202 κατά

99 2270 150 2371 ρος.
160 2258 207 2304 su.
221 2235 275 2319 την
292 2237 388 2322 σάρκα
403 2239 496 2360 μόνον
508 2242 738 2322 συλλογίσασθαι
753 2237 911 2302 δύνασθαι.
947 2239 1058 2303 Καλ’
1023 2263 1081 2304 ουκ
1096 2241 1193 2303 ῖσιισιν
1207 2241 1239 2303 οἰ
1253 2244 1384 2303 τοιοῦτοι

221 2337 268 2404 ότι
283 2337 317 2403 τό
336 2337 412 2402 κατά
430 2335 532 2422 ψυχήν
555 2344 765 2424 συλλογίζεται,
795 2340 823 2402 εἰ
835 2338 891 2421 χρὴ
912 2347 1114 2424 συλλογισμοῖς
1134 2341 1298 2423 προςέχειν,
1330 2341 1388 2404 καλ

221 2465 263 2524 μη
254 2437 379 2515 άπλως
400 2437 478 2529 όπλῇ
497 2467 532 2530 τγγ
555 2444 674 2528 διανοίμ
691 2447 755 2528 θερῦ
772 2441 940 2522 προςιένσι,
971 2443 1021 2506 καλ
1040 2441 1186 2506 πιστεύειν
1201 2467 1247 2507 οτι
1260 2440 1298 2505 τό
1319 2438 1380 2506 ύπό

219 2547 297 2606 θεοῦ
317 2543 454 2623 εἰρημένα
471 2544 549 2607 έστῖν
567 2540 708 2624 όλήθεια,
731 2541 813 2630 αύτῳ
797 2540 916 2607 δέ’
876 2568 958 2630 μονρσ
974 2544 1139 2627 έγνωσμένα
1155 2550 1196 2631 τρῖ
1210 2567 1266 2624 την
1281 2548 1381 2607 πᾶσαν

98 2632 107 2653 '
220 2638 364 2724 ύλύθειου
384 2640 483 2710 εἰδότι.
519 2641 622 2709 ’Ἀλλοι
649 2644 681 2708 δέ
698 2645 833 2729 λέγουσιν
849 2642 917 2709 ούτε
933 2645 965 2709 έν
981 2652 1081 2733 ψυχῇ,
1114 2643 1182 2710 οῦτε
1205 2647 1237 2709 έν
1256 2643 1381 2727 σοι’ματι,

221 2741 294 2808 ῦλλά
318 2743 426 2827 ύρετήν
448 2741 524 2810 εἰναι
545 2743 579 2811 τό
597 2742 660 2809 κατ’
678 2744 787 2810 εἰκόνα.
820 2743 944 2830 Ἓτεροι
959 2745 992 2811 δέ
1006 2745 1157 2826 φάσκουσι
1175 2743 1217 2828 μή
1232 2742 1308 2811 εἰναι
1328 2745 1381 2828 τόν

219 2843 339 2934 σἰρετόν,
363 2843 436 2910 άλλά
451 2845 483 2912 τό
502 2842 671 2936 βάπτισμα,
693 2848 745 2911 καλ
760 2843 794 2912 τό
812 2845 939 2929 χάρισμα
955 2844 989 2912 τό
1007 2849 1039 2912 έν
1053 2853 1096 2934 τῷ
1110 2850 1304 2930 βαπτίσμασι,
1328 2851 1378 2930 δῆ-

218 2955 276 3012 θεν
292 2949 324 3012 έκ
342 2954 396 3012 τοῦ
413 2950 505 3030 βητοῦ
522 2953 575 3012 τοῦ
591 2949 763 3032 εἰρημένου,
796 2947 911 3024 Καθάς
934 2949 1118 3032 έφορέσαμεν
1135 2947 1189 3030 τὴν
1207 2947 1308 3013 εἰκόνα
1326 2954 1379 3014 τοῦ

219 3047 323 3130 χοϊκοῦ
330 3099 339 3128 ,
371 3050 545 3131 φορέσωμεν
567 3050 618 3113 καὶ
639 3047 694 3128 τόν
710 3046 813 3114 εἰκόνα
828 3055 883 3113 τοῦ
899 3051 1087 3133 έπουρανίου.
1122 3047 1224 3116 ’Ἀίλοι
1240 3053 1273 3118 δέ
1291 3053 1381 3119 πόλιν

219 3157 306 3215 τοῦτο
320 3148 359 3215 οῦ
378 3149 552 3232 βούλονται,
575 3147 648 3215 α’λλά
661 3151 783 3216 θέλουσι
799 3151 891 3235 λέγειν
905 3148 970 3216 τότε
985 3151 1037 3231 μέν
1055 3147 1132 3216 εἰναι
1148 3151 1182 3217 τό
1201 3152 1264 3220 κατ’
1279 3154 1381 3220 εἰκόνα

219 3252 251 3316 έν
267 3257 307 3338 κρῖ
323 3248 432 3332 Ἀδάμ,
455 3253 511 3326 έως
527 3249 576 3315 ότε
594 3253 625 3316 ἐν
637 3257 780 3340 παρακοῇ
796 3253 911 3336 γέγονε,
941 3253 990 3316 καλ
1015 3254 1167 3336 βέβρωκεν
1182 3253 1242 3321 α’πδ
1261 3263 1315 3322 τοῦ
1331 3256 1380 3334 ξύ·

218 3359 291 3429 λου,
317 3354 368 3417 καῖ
386 3349 515 3432 ἐξεσύθη·
548 3349 601 3431 εἶφ’
618 3344 656 3417 οῦ
672 3352 705 3417 δέ
723 3351 855 3434 έξεοόθη,
889 3349 1020 3417 όπιύλεσε
1037 3352 1070 3419 τό
1088 3351 1150 3420 κατ’
1165 3355 1273 3421 εἰκόνα.
1319 3359 1380 3421 Καὶ

219 3451 310 3536 ιρλλη
326 3457 369 3528 εἰς
385 3453 446 3518 έστι
463 3459 522 3517 τοῖν
538 3451 711 3535 άνθροόπων
728 3458 912 3534 μυθοποιία,
941 3451 990 3529 οἰς
1012 3455 1071 3520 Ιοῦ
1086 3455 1142 3538 χροὶ
1161 3455 1232 3521 οῦδέ
1249 3455 1326 3539 πρός
1340 3456 1377 3522 ό-

219 3579 276 3637 ραν
296 3549 383 3631 εἰξαι,
413 3551 480 3619 ούτε
500 3551 634 3632 τούτοις,
666 3552 736 3619 ούτε
758 3557 881 3630 έκείνοις
903 3562 966 3630 τοῖς
991 3554 1068 3621 οῦτω
1087 3555 1109 3638 ἢ
1126 3557 1205 3624 οῦτω
1227 3560 1378 3643 λέγουσιν·

220 3653 278 3720 άλί
302 3651 377 3720 εἰναι
396 3654 448 3736 μέν
470 3655 616 3719 πιστεύειν
638 3656 670 3720 έν
690 3662 732 3744 τῷ
748 3655 904 3744 σἐνθροόπρο
931 3655 990 3722 ’τό
1007 3654 1072 3722 κατ’
1090 3658 1210 3738 εἰκόνα,
1242 3661 1274 3724 έν
1291 3660 1380 3724 παντί

210 3757 253 3822 ’δέ
274 3754 415 3837 μάλιστα,
446 3758 498 3822 καλ
520 3755 575 3839 ούχ
599 3752 708 3832 άπλοῖς.
754 3762 823 3822 Ποῦ
844 3759 878 3823 δέ
896 3761 990 3838 έστιν,
1023 3757 1122 3840 ἢποῦ
1140 3758 1329 3842 πεπλήρωται
1344 3757 1378 3826 τό

219 3856 282 3923 κατ’
302 3857 420 3936 εἰκόνα,
451 3857 532 3944 αύτῷ
556 3855 638 3946 μόνῳ
662 3861 804 3943 έγνωσται
821 3866 862 3947 τῷ
877 3865 955 3946 θεῷ,
989 3865 1055 3946 ’τῷ
1076 3860 1152 3925 κατά
1170 3862 1255 3946 χάριν
1268 3871 1309 3950 τῷ
1327 3865 1379 3928 όν·

218 3958 337 4048 θρύπρι
361 3960 562 4048 δωρησαμένῳ
583 3956 617 4024 τό
642 3957 707 4024 κατ’
726 3959 834 4026 εἰκόνα.
882 3958 959 4026 Ούτε
976 3959 1032 4046 γάρ
1057 3958 1208 4028 ύπιύλεσεν
1225 3961 1243 4029 ό
1260 3961 1380 4049 ύνθρω-

218 4083 277 4135 πος
297 4058 408 4126 κύντατ’
433 4057 549 4142 εἰκόνα,
572 4060 629 4125 ἄλλ’
656 4064 684 4126 εἰ
697 4059 756 4146 όρα
778 4064 937 4144 έχυδαίωσε
960 4060 994 4127 τό
1017 4060 1079 4128 κατ’
1103 4065 1220 4144 εἰκόνα,
1250 4065 1382 4148 μολύνας

220 4159 325 4226 έσυτόν
347 4164 380 4227 έν
401 4158 607 4249 *άδιαφόροις
636 4161 787 4248 πράγμασι
812 4165 864 4228 καλ
886 4162 1061 4247 όνηκέστοις
1089 4163 1252 4250 όμαρτίαις.
1302 4165 1381 4234 ’ἰδού

252 4333 276 4383 5.
295 4329 332 4386 ἰτι
346 4336 427 4386 νίλῖοεε
443 4349 578 4398 expressum
594 4340 627 4386 εσί
640 4339 665 4385 in
682 4337 718 4387 εδ.
735 4338 780 4387 Pe·
848 4332 873 4389 4.
892 4339 1019 4388 comorius
1042 4341 1112 4387 vertit
1134 4335 1176 4386 div
1162 4337 1254 4399 τεισίι,
1282 4346 1308 4390 ιιι
1325 4340 1382 4395 διά-

219 4405 267 4452 ἰσν.
814 4401 903 4471 φόροις
923 4408 1057 4486 ιιιιριςοιαι
1077 4419 1125 4455 ιιιε
1143 4413 1266 4467 appareat
1308 4403 1382 4463 ιδιά-

255 4464 763 4550 θσρ.ΙΙΙ-1.ούοεα.οσδ.ἰλλεδῖη.
813 4487 881 4540 φορα
911 4467 1048 4537 πράγματα
1071 4474 1119 4522 δι’σί
1143 4479 1201 4536 puto
1227 4491 1290 4542 quae
1315 4493 1346 4525 nu
1333 4475 1381 4525 ιιΙΙιι

252 4535 276 4586 ¹2.
294 4535 331 4602 τῷ
349 4537 399 4587 ενδ.
419 4539 513 4598 nmio
813 4557 902 4658 Haece
904 4551 1005 4606 ptorum
1027 4537 1069 4590 dei
1091 4539 1211 4606 religiono
1233 4560 1263 4594 ιισ
1287 4552 1381 4593 temere

252 4587 415 4674 3.τῷωωί
431 4607 462 4654 σθ
478 4610 575 4668 utroque
590 4607 658 4656 ιδίἰσ.
847 4616 874 4658 σε
