3252 5158
306 411 402 469 OGXX

306 573 385 639 alque
397 567 537 622 eiulatibus
548 567 658 622 instaret
669 567 810 622 ardentius.
844 565 985 640 Propterea
1001 569 1141 624 concilium
1153 569 1332 641 domenum.
1347 575 1380 624 ut
1395 585 1476 642 snpra

305 653 431 718 vidimus,
448 654 510 708 Can.
521 671 576 708 rra.
588 653 728 706 voluntarii
741 653 872 724 parricidii
886 670 945 708 reos
961 660 1017 733 toto
1029 655 1099 709 ritae
1110 661 1227 727 tempore
1238 655 1383 709 duocimo
1394 658 1476 714 tutet

373 741 458 810 Atque
475 739 584 793 eandem
600 754 658 792 esse
673 755 794 794 oenesom
810 741 937 810 suspicor,
953 755 1000 794 eor
1014 741 1203 812 poenitentium
1217 743 1324 796 nomine
1340 757 1421 814 saepe
1438 741 1477 796 illi

306 825 355 880 soli
366 823 617 895 comprehendantur
628 840 645 877 a
656 825 774 878 conciliis
786 830 812 878 et
822 825 953 894 patribus,
971 825 1016 895 qul
1031 826 1060 880 in
1075 827 1158 880 tribue
1172 827 1264 896 primis
1275 826 1402 898 gradibus
1413 825 1476 880 has·

304 920 399 964 rorent.
421 910 488 964 Nam
500 912 527 964 in
539 909 651 980 liturgiis
662 926 693 964 ae
703 909 838 964 sacrifieiis
849 915 911 981 poet
921 911 1109 980 seripturarum
1120 911 1259 966 lectionem
1271 919 1298 966 et
1309 913 1390 966 divini
1402 912 1477 968 serbi

304 991 523 1068 prsediooti'onem
540 996 694 1067 prinsquam
711 995 744 1048 ad
764 1011 859 1050 mana
880 997 1085 1066 augustioraque
1105 998 1231 1065 mysteria
1248 997 1475 1068 progrederentur,

305 1080 519 1146 catechumenos,
536 1097 726 1151 energumenos
743 1097 804 1135 oum
820 1081 1013 1152 poenitentibus
1030 1080 1160 1135 facessere
1177 1083 1302 1136 dimonm
1319 1084 1475 1154 impetebat.

282 1227 284 1233 y
305 1167 447 1236 Dionysius
463 1167 509 1222 lib.
528 1166 560 1219 de
576 1167 673 1220 lleeles.
689 1167 786 1220 Hieran.
803 1182 860 1236 eep.
875 1184 915 1222 rtt.
933 1166 974 1218 sol
991 1162 1052 1236 perir
1063 1167 1153 1228 τούτοις
1165 1167 1301 1234 (lectiones
1313 1172 1416 1239 sacua)
1427 1165 1476 1230 ii-

306 1252 413 1323 γίνονται
425 1255 466 1318 τῆς
477 1249 540 1321 ἱερᾶς
553 1255 668 1322 περιοχῆς
680 1249 703 1302 ul
714 1252 902 1322 κατηχούμενοι,
914 1251 955 1304 nul
967 1251 1028 1322 πρὸς
1041 1251 1123 1314 αὐτοῖς
1136 1251 1159 1304 ol
1170 1249 1346 1324 δνιργοῦμτνοι,
1360 1253 1401 1306 sal
1413 1251 1473 1306 olis

307 1336 422 1408 μετανοίᾳ
431 1332 505 1398 ὄνοις.
531 1335 576 1390 Sic
585 1338 612 1389 in
622 1336 827 1408 Censtitdpost
837 1337 941 1392 libant.
951 1353 1050 1408 capu.
1078 1336 1123 1388 liei
1133 1334 1147 1389 l
1157 1335 1268 1399 διάκονος
1277 1337 1372 1408 lepino
1379 1337 1396 1406 ,’
1408 1341 1477 1392 Aroa-

306 1423 393 1476 tiseos
401 1419 424 1473 ol
432 1419 457 1473 in
466 1421 588 1493 peretulo„
610 1422 724 1476 Verbum
733 1425 777 1475 τοῦ
786 1419 901 1474 ἀπολύειν
911 1425 1020 1486 me‘aeuee,
1032 1423 1088 1475 site
1096 1427 1243 1487 nse'asioncee,
1255 1423 1396 1494 significat,
1407 1431 1438 1478 ut
1448 1425 1479 1478 ist

307 1508 470 1580 expositione
482 1505 554 1560 Fidei
563 1505 711 1560 Catholicae
722 1507 750 1560 in
762 1507 817 1562 line
829 1508 914 1578 operis
926 1506 1003 1560 huius
1013 1507 1167 1562 ridebimus.
1184 1507 1376 1564 Paenitentiam
1387 1511 1479 1580 traque

307 1591 535 1658 decessionem,
553 1592 680 1645 duntaxat
692 1608 784 1646 eornm
798 1593 843 1662 qui
859 1593 886 1646 in
898 1593 981 1646 tribus
997 1594 1089 1663 primis
1106 1592 1230 1663 gnotbm
1242 1601 1421 1660 censerentur,
1437 1597 1480 1649 uti

198 1733 202 1752 ,
306 1685 407 1732 reteree
419 1693 533 1730 canones
544 1693 593 1730 nos
606 1676 714 1742 docent,⁴
723 1678 876 1748 praesertim
889 1677 1008 1748 Gregorii
1016 1677 1206 1749 Thaumetnrgi
1218 1679 1386 1746 undecimus,
1397 1679 1478 1752 idque

306 1764 425 1835 pluribus
437 1763 553 1818 Zonaras
565 1768 591 1816 et
601 1761 726 1816 Balsamo
736 1763 892 1833 interpretes
903 1763 1051 1816 observent
1085 1761 1153 1816 Nam
1169 1763 1256 1834 quiin
1275 1771 1368 1835 quone
1382 1765 1478 1836 gradu,

307 1848 356 1903 hoo
368 1855 409 1902 eet
420 1853 450 1918 τῇ
462 1848 589 1917 werdon,
606 1849 817 1913 numerabantur,
834 1865 893 1902 cum
905 1847 1027 1902 fidelibus
1037 1849 1251 1919 perseverabant:
1269 1848 1284 1916 i
1296 1850 1428 1920 ουότοοις,
1439 1853 1479 1905 ait

307 1934 531 2004 Thaumaturgue,
544 1933 586 1985 ἵνα
604 1933 743 1986 συνίσταται
759 1936 929 2003 intemerate,
946 1933 987 1986 καὶ
999 1931 1033 2004 μὴ
1045 1930 1171 2005 ἑξέρχητοι
1183 1935 1304 2004 μετὰτῶν
1317 1935 1478 2006 sapienpi-

307 2037 364 2076 νων.
389 2020 542 2074 Hincmerus
554 2019 581 2072 iu
592 2019 710 2090 Epistola
720 2018 753 2071 ad
764 2019 933 2073 Hincmarum
945 2018 1145 2073 Leudmeusem
1157 2021 1320 2092 episcopum,
1337 2037 1420 2092 quem
1434 2021 1477 2076 iu·

307 2107 398 2161 stallos
415 2107 488 2160 citet:
516 2105 627 2168 Quidum
643 2105 759 2158 iubentur
776 2123 852 2176 nsque
869 2107 906 2160 ad
921 2108 1024 2157 mimam
1036 2105 1269 2160 cutcolemscnoreme
1281 2125 1385 2160 manen
1395 2113 1425 2159 e'a
1436 2125 1479 2160 cc·

308 2193 396 2246 costa.
432 2191 543 2253 Qrcidom
555 2199 638 2250 mrtem
650 2191 706 2243 oola
719 2195 790 2242 intra
802 2191 937 2243 eccleciam
943 2192 1059 2262 fideliore
1071 2195 1187 2244 oratione
1198 2195 1270 2260 inopi
1279 2209 1376 2245 sacros
1387 2203 1479 2261 nycte·

307 2281 404 2331 norom
415 2277 570 2340 celebr-itali,
583 2297 600 2329 o
613 2279 757 2330 dominicae
769 2285 852 2328 antem
865 2293 964 2328 eremos
976 2280 1091 2329 convivio
1102 2281 1245 2346 eeprcporr’.
1276 2276 1404 2341 Quocirca
1416 2275 1477 2330 otte

308 2363 423 2416 odoroon
434 2356 500 2422 ὄντες
512 2367 586 2414 extra
603 2362 791 2432 poenitentium
810 2360 927 2416 ordinem
944 2377 977 2415 ex
995 2361 1040 2416 lile
1055 2377 1186 2416 senonum
1198 2377 1229 2416 ao
1239 2361 1288 2416 Pr.
1297 2362 1424 2433 loquendi
1435 2381 1477 2417 ra-

308 2449 379 2502 tione
388 2447 479 2502 secreti
491 2453 561 2500 sunt

351 2599 496 2665 Quonam
512 2599 547 2656 itt
564 2599 811 2656 POENITENTIAE
830 2599 947 2654 otono
965 2599 1247 2657 seossettttttnnts
1265 2601 1434 2658 contorto

730 2685 904 2740 CONCESSA
920 2685 1052 2742 noento.

376 2790 416 2844 lix
429 2805 481 2860 quo
492 2789 538 2844 illa
549 2805 612 2844 sane
623 2807 676 2843 uon
689 2790 754 2843 lerie
764 2790 854 2842 erhilt
863 2789 990 2860 quaestio,
1003 2804 1117 2859 quonam
1125 2799 1250 2862 tempore,
1264 2807 1347 2861 quere
1355 2790 1383 2844 iu
1392 2791 1479 2862 gradu

309 2881 468 2948 postremam
486 2876 560 2930 illam
577 2893 593 2928 a
608 2876 723 2946 peccatis
740 2875 931 2929 absolutionem
948 2875 1110 2944 poenitentes
1127 2875 1279 2929 obtinerent.
1314 2875 1389 2940 Quod
1405 2879 1479 2930 enim

310 2962 420 3016 subinde
431 2967 490 3032 post
502 2961 597 3015 editam
609 2969 775 3031 peccatorum
786 2960 978 3014 confossiorem
989 2961 1091 3014 absolvi
1108 2978 1161 3014 nou
1177 2963 1302 3026 solerent,
1318 2961 1395 3031 idque
1411 2977 1479 3016 uou-

308 3049 361 3102 niei
372 3048 476 3118 expleto
488 3047 664 3118 poenitentiae
675 3053 790 3116 tempore
802 3053 1029 3116 consequerentur,
1045 3045 1162 3116 pluribus
1178 3052 1254 3100 antee
1270 3047 1479 3101 demonstratum

310 3140 358 3190 est
392 3133 465 3187 Nunc
482 3133 545 3186 illud
562 3133 655 3186 merito
668 3132 807 3197 dubitatur,
824 3137 973 3186 utrumnum
987 3138 1079 3202 quarto
1092 3131 1197 3202 insuper
1209 3131 1305 3201 gradu,
1321 3131 1371 3186 hoc
1382 3141 1424 3186 est
1434 3149 1479 3184 eu-

310 3217 405 3288 ordon,
422 3219 494 3290 prius
511 3217 708 3288 defungendum
718 3219 770 3270 illie
782 3217 860 3270 luerit
871 3232 949 3287 quam
963 3218 1190 3282 sacramentalem,
1207 3226 1236 3270 ut
1247 3223 1355 3282 vocant,
1371 3219 1479 3272 absolu-

309 3305 408 3358 tionem
420 3304 598 3374 impetrarent,
615 3321 648 3357 en
662 3311 720 3374 pest
733 3301 875 3354 ὑπόπτωοιν
887 3301 1082 3356 absolverentur
1095 3318 1110 3355 e
1122 3304 1235 3373 peccatis
1246 3303 1284 3355 illi
1297 3301 1415 3372 quidem,
1432 3303 1479 3357 ssd

311 3390 427 3445 noudum
436 3395 523 3442 tamen
532 3388 565 3441 ed
575 3389 698 3443 dominici
708 3389 917 3444 communionem
926 3387 1043 3458 corporis
1054 3387 1255 3442 admitterentur.
1273 3386 1400 3442 derideri
1412 3403 1479 3442 oeae

278 3523 284 3536 ‚
310 3481 408 3548 potest,
425 3481 486 3545 post
499 3474 642 3526 inoverenon
654 3481 818 3544 peecatorum
829 3473 881 3526 illis
891 3473 1006 3539 venitm,
1018 3472 1067 3527 hoc
1079 3481 1119 3526 est
1130 3473 1342 3528 sacramentalem
1353 3473 1426 3526 illem
1437 3489 1478 3526 re·

313 3562 473 3615 laxationem
486 3575 542 3613 esse
554 3575 714 3614 concessam.
750 3557 817 3612 Nem
834 3575 894 3612 com
909 3559 986 3610 tertio
999 3575 1033 3611 ex
1043 3559 1089 3612 illo
1098 3558 1181 3629 gradu
1193 3559 1225 3612 sd
1238 3559 1353 3610 σύστασιν
1364 3575 1479 3613 emm»

312 3655 381 3712 rent,
402 3647 561 3717 poenitentes
583 3661 640 3697 esse
658 3643 847 3714 quodammodo
869 3643 1033 3711 desinebent,
1054 3650 1083 3697 nt
1101 3645 1180 3715 paulo
1200 3651 1260 3697 ente
1279 3643 1478 3698 declaravimus.

315 3733 389 3798 Quod
402 3737 556 3802 argumento
569 3746 627 3782 esse
638 3736 735 3799 potest,
751 3731 868 3783 relaxata
880 3729 931 3782 iem
944 3729 995 3782 illie
1008 3744 1038 3782 ao
1050 3729 1194 3783 condonata
1208 3746 1265 3783 esee
1282 3729 1402 3794 crimine,
1417 3747 1479 3801 pro-

311 3827 368 3890 pter
377 3833 446 3888 qnae
458 3818 485 3869 in
498 3816 570 3870 illem
585 3814 719 3868 obeundae
731 3815 905 3886 poenitentioe
916 3814 1098 3868 necessitatem
1109 3815 1277 3868 incurrerent
1306 3813 1378 3870 code
1390 3817 1481 3870 omnia

312 3905 377 3968 illie,
396 3919 448 3956 uno
466 3906 575 3972 excepto
593 3900 690 3954 domini
709 3915 827 3970 corpore,
845 3915 905 3953 cum
918 3901 1025 3954 coeteris
1037 3899 1156 3954 fidelibus
1168 3899 1248 3954 titisse
1259 3902 1422 3966 communie,
1439 3901 1478 3954 lo-

312 4007 370 4043 cum
381 3989 511 4059 imprimis
523 4003 552 4040 ec
564 3997 669 4057 tompus
681 3986 812 4040 orationis.
837 3983 927 4055 Neque
939 3987 1008 4038 enim
1021 4001 1080 4038 cum
1092 3986 1285 4056 poenitentibus
1297 3986 1417 4050 exibant,
1428 4003 1479 4040 neu

312 4075 386 4137 olibi,
405 4091 483 4143 qoam
502 4073 547 4125 ubi
564 4073 653 4125 fideles
671 4071 779 4134 caeteri,
798 4071 977 4124 versabantur.
1012 4071 1077 4124 Tum
1097 4069 1223 4124 sacrificia
1239 4072 1297 4141 ipse
1311 4077 1337 4123 et
1348 4071 1478 4141 liturgias,

312 4175 424 4232 quorum
437 4160 501 4212 citre
513 4158 723 4212 communionem
737 4162 811 4210 erant
822 4156 968 4226 participes.
1003 4155 1101 4209 Deinde
1113 4171 1173 4208 vero
1185 4157 1282 4209 nemini
1294 4155 1400 4209 dubium
1411 4156 1479 4209 illud

313 4253 365 4310 eet,
378 4261 424 4316 per
432 4245 626 4316 impositionem
637 4259 776 4307 mannum,
789 4249 891 4294 caetera
901 4251 929 4296 nt
939 4243 1070 4306 emittam,
1082 4247 1246 4312 peccalorum
1255 4241 1307 4294 illis
1315 4243 1479 4311 temperiem

311 4333 436 4384 tribulem
450 4345 507 4384 esee
519 4331 631 4384 veniam.
670 4329 769 4382 Deeont
780 4327 828 4381 hoc
840 4328 977 4381 innumera
988 4326 1111 4397 Cypriani
1127 4327 1289 4391 testimonie,
1304 4343 1415 4396 quorum
1431 4325 1479 4380 lto-

312 4425 403 4470 ctenus
415 4415 538 4486 pleraque
550 4415 733 4488 prompsimus,
749 4415 776 4467 in
793 4414 888 4483 quibus
905 4428 1059 4484 permanes
1076 4413 1268 4482 impositionem
1283 4427 1337 4482 pax
1350 4419 1376 4466 et
1387 4427 1477 4465 meon·

313 4503 410 4556 cilietio
422 4502 673 4570 communicatioque
686 4499 840 4554 conceditur.
876 4499 943 4552 Tum
959 4495 1120 4567 monning.
1134 4496 1211 4551 Cone.
1221 4515 1256 4552 ru.
1270 4497 1332 4551 Gan.
1343 4514 1431 4551 sarrs
1444 4497 1476 4550 de

313 4603 344 4640 ee
357 4588 402 4656 qni
412 4587 599 4657 poenitentiam
610 4587 637 4640 in
649 4585 799 4639 infirmitate
810 4585 935 4656 postulet:
961 4582 994 4636 Et
1005 4587 1030 4634 si
1040 4588 1168 4646 contium,
1184 4583 1279 4653 inquit,
1295 4585 1409 4634 oredirer
1424 4601 1474 4634 τιο-

314 4676 424 4736 citeros,
444 4673 621 4724 reconcilietur
627 4689 678 4741 per
691 4687 779 4724 monos
795 4673 974 4742 impositionem
993 4679 1016 4721 ci
1027 4670 1178 4738 infeodetur
1189 4672 1229 4722 νῆ’
1240 4671 1293 4720 siue
1305 4669 1472 4722 metanoea.
