3274 5154
1121 351 1303 410 oonmm

140 507 237 582 scriptu
243 508 339 564 Valens
352 509 383 569 ad
393 509 582 564 Ariminensem
594 509 723 580 synodum
735 523 793 564 eum
805 509 903 574 detuit,
916 523 982 578 qnae
992 505 1043 562 hoc
1054 523 1122 562 auno
1135 507 1168 560 ab
1178 505 1302 562 Occiden·
1328 529 1349 570 ρ.
1357 516 1404 562 ινα.

139 597 238 650 talibus
249 593 351 661 habits,
363 612 422 651 cum
434 594 577 650 orientales
588 595 722 648 Seleuciae
733 595 761 649 iu
773 595 872 648 lsamis
883 593 1072 648 convenissent.

207 679 254 734 'Es
266 681 390 761 διαφόρων
402 677 547 752 ἐπαρχιῶν]
576 682 714 749 Ancyraun
725 681 777 732 ista
787 680 901 749 synodus
913 695 966 734 uon
978 695 995 732 a
1006 679 1069 734 solis
1081 677 1146 742 illis,
1158 677 1203 748 qoi
1214 677 1247 731 ad
1259 692 1303 732 sn-

138 767 231 822 cacuis
247 773 434 832 convenerant,
451 767 580 836 episcopis
596 765 687 820 habits
703 771 755 830 est,
772 764 818 820 sed
834 765 878 818 alii
893 771 1027 834 pinoteren
1042 763 1181 818 adincrunt
1193 763 1304 818 alierum

137 851 332 922 provinciarum
348 853 476 924 episcopi,
491 853 562 906 reiut
576 849 726 906 Eustatlrins
740 851 875 905 Sebeetiec
891 851 920 904 in
930 849 1065 914 Armenic;
1081 847 1198 920 plerique
1215 855 1303 904 autam

138 935 233 990 hiemis
245 935 398 992 difficultate
408 937 543 992 interclusi
554 943 623 990 sont.

207 1021 254 1073 liei
266 1017 297 1074 τὰ
308 1019 347 1074 issi
359 1025 400 1090 τῆς
412 1020 713 1089 Κωνατοιντινοιιπόλνως]
746 1022 809 1075 Post
825 1021 935 1076 coucilia
945 1021 1009 1090 Tyri
1025 1035 1055 1074 oo
1066 1021 1253 1089 Hierosolymis
1270 1020 1303 1075 ab

137 1107 245 1160 Arionis
257 1108 402 1173 celebrata,
413 1125 472 1162 cum
482 1106 641 1162 Athanasius
654 1106 852 1160 Constantinum
864 1107 983 1172 adiisset,
994 1104 1072 1160 huius
1084 1107 1165 1160 literis
1177 1105 1304 1162 Consten·

137 1193 277 1264 thropolim
285 1193 364 1246 acciti
375 1198 437 1247 suut
448 1193 575 1264 episcopi,
593 1208 704 1263 quorum
716 1208 795 1262 opera
805 1192 921 1262 relegato
932 1192 960 1244 in
974 1190 1072 1245 Gellius
1080 1190 1223 1246 Athanasio
1234 1193 1304 1246 lier-

138 1277 221 1332 ceilus
239 1277 382 1348 deponitur.
405 1279 470 1332 vioe
487 1278 620 1332 Socratem
638 1277 712 1334 lion
730 1293 787 1348 cup.
800 1293 875 1332 xxm.
910 1276 984 1341 Quod
1001 1293 1070 1332 auno
1082 1291 1225 1334 coenum.
1241 1292 1304 1332 cou-

137 1363 480 1434 tigisseacribitliarouiua.
781 1411 784 1418 .

207 1446 266 1502 Ἐπὶ
277 1451 328 1510 τοῖς
340 1446 467 1519 ίγαιιινίοις
478 1451 520 1516 τῆς
532 1446 556 1500 ἐν
568 1446 724 1520 Ἀντιοχιίρ.]
759 1447 798 1502 De
809 1447 858 1502 hac
872 1447 972 1517 synodo
983 1447 1088 1518 legendi
1099 1446 1238 1502 limoniaui
1250 1449 1303 1502 An-

137 1533 213 1588 nales
225 1549 295 1587 anno
307 1549 414 1590 cccxci.

206 1617 254 1672 list
263 1617 324 1689 μετὰ
332 1623 410 1672 ταῦτα
418 1619 628 1689 κανὰΣαρδοιήν.]
641 1617 820 1674 Sardiccnsem
828 1618 959 1688 synodum
966 1635 1020 1673 nou
1028 1620 1222 1674 oecumenicam
1229 1619 1303 1673 illum

136 1711 163 1758 et
174 1702 331 1758 catholicam
341 1705 503 1774 intelligunt,
519 1707 547 1759 in
559 1719 611 1776 qus
622 1703 779 1759 Athanasius
791 1704 937 1768 restitutus,
949 1703 1066 1758 damuati
1076 1721 1138 1758 vero
1149 1705 1238 1758 Ariani
1250 1706 1303 1775 epi·

136 1791 225 1862 scopi,
237 1789 284 1844 sad
294 1789 494 1844 conciliabulum
505 1789 596 1844 eodem
606 1794 724 1860 tempore
735 1791 769 1844 ab
781 1789 883 1842 Αιίιιιιὶι
895 1787 1020 1860 Philippis
1032 1791 1060 1842 in
1069 1789 1178 1844 Thracio
1190 1791 1302 1844 celebra-

135 1882 209 1941 tum,
224 1875 294 1945 quod
306 1873 467 1929 Sardiceusis
478 1877 584 1930 nomine
596 1875 767 1930 venditemus
791 1873 871 1928 Cuius
884 1874 1015 1928 decretum
1027 1881 1101 1930 extat
1111 1877 1139 1930 in
1149 1875 1303 1946 fragmentis

135 1961 231 2016 Hilarii
251 1960 286 2014 ad
300 1959 438 2016 Africanos
454 1962 591 2031 episcopos
607 1962 725 2016 missum
760 1959 920 2015 Soaomsnne
937 1960 982 2014 lib.
996 1977 1034 2016 ιιι.
1051 1977 1145 2032 cupx.
1162 1967 1237 2018 sutor
1255 1969 1303 2026 est,
1402 1976 1407 1985 ·

135 2047 309 2100 coustitutum
321 2046 349 2100 iu
360 2061 392 2100 ea
403 2046 502 2114 syuodo
514 2047 548 2100 ab
557 2045 660 2100 Arianis
673 2061 738 2110 esse,
750 2046 789 2099 nti
801 2046 1023 2100 comissantium
1033 2046 1191 2100 vocobulum
1202 2063 1218 2100 u
1229 2047 1302 2100 nullo

136 2132 261 2202 deinceps
273 2137 450 2202 usurparetur.
474 2133 541 2186 'lom
554 2132 691 2185 damnatos
702 2147 747 2185 eos
759 2133 806 2201 qui
816 2137 868 2184 tres
881 2131 943 2185 deos
961 2147 1019 2185 osse
1031 2131 1158 2196 dicerent,
1175 2133 1217 2186 rel
1229 2131 1302 2188 Chri-

135 2223 209 2271 stum
220 2223 348 2288 negarent
359 2217 450 2282 deum,
466 2223 511 2271 aut
521 2216 632 2272 eundem
644 2233 702 2270 esse
713 2223 825 2287 patrem,
836 2217 920 2270 tilium
931 2223 958 2270 et
968 2218 1090 2288 spiritum
1100 2223 1221 2272 sanctum
1232 2233 1302 2272 asse·

135 2309 237 2366 rorent,
254 2309 386 2373 postremo
403 2304 449 2374 qui
459 2303 542 2356 iuiese
553 2309 656 2372 tempus
669 2303 853 2373 saeculumque
867 2303 1012 2367 crederent,
1031 2319 1082 2373 quo
1099 2303 1216 2358 nondum
1232 2303 1301 2358 filius

135 2389 272 2442 existeret
305 2388 426 2442 Socrates
442 2405 502 2442 uero
518 2388 563 2442 lib.
573 2407 602 2444 ιι.
615 2405 672 2458 cap.
682 2405 726 2441 xx.
738 2387 770 2441 de
784 2389 876 2442 iisdem
894 2403 989 2458 agens,
1007 2388 1052 2440 lici
1069 2391 1191 2458 φανερῶς,
1209 2389 1303 2460 inquit,

135 2471 267 2526 >esuristi
281 2471 468 2544 ptotpoooooc
481 2472 693 2543 όνπόεμανίζουαι,
712 2472 754 2541 τὴν
772 2471 799 2526 di
816 2477 860 2525 τοῦ
878 2469 995 2544 ἀνομοίου
1013 2471 1086 2534 δόξαν
1101 2469 1230 2535 turmulis
1242 2492 1303 2546 coy-

135 2557 275 2630 γράψαντες
292 2563 421 2629 πανταχοῦ
438 2558 628 2630 correptores:
655 2560 793 2629 Muoe'jests
805 2569 854 2611 tous
867 2560 1091 2613 conmistouts'ulis
1101 2577 1184 2614 coccae
1197 2560 1303 2614 occide·

134 2654 206 2698 nure
218 2647 353 2710 damnaui,
365 2648 505 2715 opinionon
516 2663 589 2710 acro,
607 2646 750 2715 wdfiis'us
757 2649 834 2715 putri
844 2645 976 2698 commeo
987 2654 1062 2709 esset,
1076 2663 1126 2714 per
1136 2646 1227 2700 literas
1237 2649 1303 2698 sce-i·

130 2739 199 2801 ptus
209 2731 298 2798 νόόναι
310 2732 475 2784 disseminare
486 2740 627 2799 cooperient.
661 2731 734 2784 Itone
749 2745 838 2784 verum
855 2735 896 2784 ost
913 2732 954 2783 tel
970 2728 1135 2784 anathemate
1152 2730 1303 2786 &mosum

136 2817 364 2870 mrmdstootc‘ois's
372 2831 475 2879 vocem,
487 2814 528 2868 rel
537 2815 730 2869 Anomoeorum
739 2814 898 2884 dogmatum
907 2815 941 2868 sb
950 2815 1053 2868 Arianis
1061 2813 1144 2868 luisse
1153 2814 1302 2870 decretum?

134 2901 195 2956 lmo
207 2917 268 2954 saro
279 2899 376 2954 salsum
388 2905 436 2954 est
456 2898 514 2954 Non
526 2903 608 2965 enim,
621 2902 720 2970 opinor,
733 2900 888 2954 Semisriuni
899 2903 943 2952 τοῦ
955 2896 1071 2971 ἀνομοίου
1084 2915 1173 2954 osores
1184 2901 1303 2955 acerrimi

135 2987 218 3042 iidem
229 2986 258 3040 in
268 2986 314 3040 illa
326 2985 425 3055 synodo
436 2984 584 3040 refloruisse
599 2985 725 3048 dicerent,
743 2986 766 3038 ei
783 2986 811 3040 iu
828 3001 860 3038 ea
876 2984 947 3038 istud
963 2986 1063 3054 ipsum,
1080 2986 1153 3040 cuins
1171 2987 1302 3041 evertendi

135 3088 235 3127 mussa
245 3076 431 3136 convenerant,
448 3071 613 3142 saoriogium
625 3071 785 3141 publicatum
797 3076 872 3126 esest.
907 3070 975 3124 lium
988 3070 1057 3140 quod
1067 3070 1100 3124 ad
1112 3067 1245 3141 dpooociuu
1256 3087 1301 3126 ro·

135 3175 198 3212 cem
215 3158 319 3222 attinet,
336 3163 437 3211 certum
454 3163 494 3210 est
509 3171 568 3210 sam
586 3157 690 3226 quidem
707 3157 734 3210 iu
751 3155 898 3210 Surdiceusi
915 3155 1114 3225 pseudosynodo
1126 3171 1302 3226 suppressam,

134 3261 194 3298 uon
205 3251 294 3296 tamen
304 3241 469 3296 anathemate
480 3242 637 3298 muneram.
671 3240 886 3312 Quandoquidem
902 3241 930 3294 in
948 3243 1055 3296 caeteris
1066 3243 1223 3296 Asianorum
1240 3259 1301 3296 con·
1358 3283 1360 3292 .

135 3330 275 3393 vantibus,
287 3328 331 3398 qni
341 3335 433 3398 postea
443 3328 576 3382 subsecuti
587 3333 661 3393 sunt,
673 3328 776 3380 tametsi
788 3327 1017 3380 consubstantialis
1029 3327 1169 3398 appellatio
1181 3329 1240 3400 ipss
1250 3329 1301 3382 dis-

135 3416 264 3470 simnluta
274 3414 319 3478 sit,
334 3430 388 3466 non
399 3418 487 3466 tamen
498 3413 535 3466 ita
546 3413 693 3484 repudiata,
709 3416 740 3465 ut
750 3410 911 3466 emthemati
928 3413 1104 3479 subticeretur,
1119 3413 1164 3466 sed
1175 3419 1301 3484 tanquam

134 3499 285 3570 simplicius
301 3514 332 3552 ec
347 3502 448 3570 praeter
464 3515 615 3569 expressam
626 3513 759 3552 sacrorum
776 3499 901 3551 librorum
918 3499 1084 3552 autoritatem
1100 3506 1224 3570 usurpata
1240 3517 1300 3570 sup-

134 3585 218 3657 primi
227 3585 365 3637 iuberetur.
389 3582 445 3648 Quo
458 3585 536 3638 etiam
548 3583 611 3638 illud
624 3589 731 3653 spectet,
750 3583 819 3653 quod
830 3599 909 3654 supra
921 3599 954 3637 sn
965 3583 1077 3654 Sulpitio
1089 3586 1301 3640 commemoravi·

134 3687 211 3735 mus,
223 3670 333 3722 Arianos
344 3667 377 3722 ad
388 3669 539 3724 sirmiensis
551 3685 634 3740 nsque
646 3669 750 3723 concilii
760 3677 879 3739 tempora
895 3670 1010 3724 nondum
1023 3675 1110 3739 operte
1122 3669 1229 3724 Nioecui
1239 3687 1300 3726 con·

135 3757 193 3812 ciiii
204 3756 307 3809 decretu
318 3769 470 3824 oppugnare
481 3770 560 3808 ausos
572 3773 644 3821 csse,
656 3754 725 3826 quod
737 3754 851 3824 proiecto
861 3753 991 3820 iacerent,
1003 3755 1025 3808 si
1036 3771 1089 3808 non
1101 3755 1186 3810 solum
1199 3753 1227 3806 τό
1240 3753 1300 3825 ipsc-

136 3843 222 3896 οὖσαν
234 3839 398 3894 anathemate
409 3839 572 3904 damnarent,
589 3856 679 3894 serum
697 3841 774 3894 οιίαιιι
792 3839 943 3893 dissimilem
961 3855 1018 3894 esse
1033 3841 1114 3910 patris
1125 3840 1209 3894 filium
1219 3841 1300 3896 libere

135 3933 281 3999 aperimus
296 3926 503 3996 pronunciarent.
535 3924 625 3993 lisque
637 3923 783 3978 Sonomeno
799 3925 885 3996 potius
897 3925 1088 3978 ceesnuendum
1100 3941 1180 3994 quem
1191 3925 1299 3980 Socrati.

83 3997 90 4012 ’
135 4009 277 4082 seispso
287 4009 357 4064 hunc
367 4011 395 4064 iu
406 4010 517 4064 editione
528 4009 671 4063 nouissima
685 4011 867 4065 Graecolctina
882 4025 929 4080 pro
941 4009 984 4076 τὴν
996 4013 1039 4061 τοῦ
1048 4009 1163 4079 ἀνομοίου
1176 4010 1249 4072 δόξαν
1259 4029 1299 4064 re-

136 4097 266 4167 scriptum
283 4101 334 4160 est,
348 4093 392 4162 τὴν
405 4101 448 4148 τοῦ
460 4093 607 4165 ἀνομοοαίου
620 4095 701 4158 δόξαν.
736 4095 810 4159 Quod
826 4096 848 4149 si
860 4102 1021 4148 exustorum
1032 4093 1150 4148 codicum
1161 4097 1300 4152 autoritate

136 4183 239 4236 mocon
251 4186 303 4246 est,
314 4197 368 4236 non
378 4181 505 4252 improbo.

208 4264 238 4319 Et
249 4264 292 4336 μὶν
305 4265 345 4318 καὶ
355 4265 506 4337 λογισμοῖς]
535 4263 606 4319 Gorr.
620 4261 654 4316 ἔτι
672 4262 719 4335 μὴν
732 4264 772 4316 aul
786 4264 843 4335 λογ.
873 4264 990 4319 Ostendit
1001 4263 1114 4318 Besilus
1129 4281 1158 4318 se
1170 4265 1201 4320 tis
1213 4265 1299 4322 Sardi·
1324 4285 1400 4338 pseu,

138 4353 213 4408 censi
223 4353 268 4406 illo
281 4351 450 4406 Orientalium
462 4357 489 4405 et
499 4349 703 4406 occidentalium
715 4350 821 4404 dissidio
834 4365 899 4420 opus
911 4348 1040 4420 quoddam
1053 4351 1227 4406 elucubrasse.

207 4436 354 4508 Ἐλπιῒομιν
367 4433 406 4490 od
418 4438 446 4488 r'o
455 4437 600 4508 τολμηρόν]
623 4435 699 4489 Forte
710 4437 761 4504 leg.
772 4431 914 4505 ἠλπΚοραν.

207 4521 337 4576 'Eattotm
348 4520 380 4584 εἰς
392 4526 465 4575 τοῦτο
477 4521 506 4574 r'o
519 4518 600 4592 dioc]
635 4521 690 4574 Hoc
706 4528 745 4573 est
759 4521 786 4574 in
797 4520 910 4574 formula
921 4521 1133 4592 professioneque
1144 4521 1204 4578 fidei
1215 4525 1298 4580 uomi-

139 4608 223 4664 mon
234 4608 303 4674 eius,
315 4608 385 4680 qnod
396 4607 429 4662 ab
440 4605 577 4664 heercocis
589 4612 764 4678 oppugnatur,
775 4607 932 4662 mentionem
944 4607 1062 4662 ediicere.
