3274 5154
356 567 443 620 Otroia
453 569 516 620 ονιίο
523 579 575 637 per
585 577 612 618 se
623 567 705 618 dim
718 571 812 618 nutnre
824 579 922 617 necem
933 575 970 618 eat

354 653 497 706 Immortela'
508 671 569 705 aero
580 669 676 704 σννννια
689 669 742 704 cum
751 655 933 722 paccsrunbrr

352 737 452 791 Metu
465 739 498 791 eh
509 741 601 790 aroneis
612 735 697 802 νοὸιισ,
709 741 869 806 amanungus
879 737 957 804 lonpe.

354 823 425 876 Num
432 827 543 894 proheta
555 825 640 876 dolore
651 826 729 885 omni,
741 826 846 891 priuata
854 823 961 891 periclis

354 909 419 978 Ipau
430 914 483 961 anis
491 909 590 978 poliens
601 907 701 978 opibus,
714 907 780 959 nihil
789 909 880 976 indign
892 910 978 971 antid,

354 993 411 1046 Nec
423 995 483 1046 bene
489 997 638 1063 pumentia
650 996 760 1062 cupitur,
773 1009 819 1044 nec
830 995 944 1060 tangitur
954 997 1006 1045 iro.

217 1077 407 1149 Ἐβοομήνσντσ
419 1077 464 1130 ilio
476 1077 519 1148 pls
531 1076 610 1144 ἀηδεῖς
623 1077 785 1148 φιλοσοφίαι]
819 1079 914 1131 hlirum
925 1083 965 1131 tot
976 1075 1044 1148 apud
1054 1077 1132 1130 Indos
1142 1075 1308 1147 philosopho·

142 1181 205 1218 rum
218 1171 306 1217 sectas
318 1164 447 1228 oxddsse3
460 1163 529 1234 quod
540 1163 628 1216 nescio
641 1179 674 1216 an
683 1163 750 1216 alius
762 1162 907 1234 prodiderit.
929 1161 1131 1217 dentalibus.
1143 1163 1175 1215 de
1186 1161 1309 1216 ludorum

143 1249 228 1302 osefis
247 1249 303 1318 agit
319 1257 452 1313 accurate,
470 1263 535 1319 quas
554 1248 586 1301 ad
607 1247 657 1301 dno
678 1249 764 1319 capita
783 1253 898 1314 revocat,
918 1247 1093 1301 Brachmanae
1113 1253 1138 1300 et
1156 1245 1308 1301 Germanas.

143 1333 293 1387 Sciendum
309 1341 349 1387 est
365 1339 454 1387 autem
468 1332 641 1406 Epiphaniam
657 1331 756 1402 cipiunt
774 1334 828 1386 siae
844 1339 926 1386 sectas
938 1333 1068 1403 appellare
1078 1332 1197 1386 instituta
1206 1329 1309 1386 urendi

143 1435 176 1471 ae
188 1419 309 1472 diversos
321 1419 439 1488 gentium
450 1420 528 1484 ritus,
540 1418 685 1472 cuiusmodi
695 1419 896 1472 innumerabiles
908 1418 1000 1470 confici
1010 1423 1158 1488 potuerunt.

216 1502 251 1558 N.
264 1521 290 1558 x.
314 1501 349 1555 'll
362 1501 679 1571 introductionibus]
715 1503 785 1567 Quos
802 1502 843 1556 hic
857 1503 987 1556 Daunidas
1002 1503 1132 1572 intelligat
1142 1502 1309 1556 divinandum

143 1593 195 1642 est
229 1587 291 1642 lion
303 1589 372 1642 enim
385 1589 418 1642 ad
430 1589 548 1653 Daunoa,
561 1589 660 1660 opinor,
672 1589 762 1642 ltaliae
773 1589 896 1659 populum
908 1603 954 1658 par
965 1593 1006 1640 est
1016 1587 1113 1640 referri.
1144 1586 1199 1640 lem
1209 1585 1308 1652 Zinchi,

143 1675 204 1728 sira
221 1672 323 1740 Zicchi,
341 1673 374 1728 ed
390 1673 502 1727 Pontum
519 1674 651 1728 Euxinum
667 1675 695 1728 in
712 1673 841 1727 Sarmatia
855 1675 966 1726 Anauon
983 1673 1143 1726 collocantur
1160 1673 1193 1725 ab
1205 1673 1308 1728 Ariane.

144 1759 208 1814 Geli
219 1763 310 1812 utrum
324 1759 416 1813 Geloni
427 1759 479 1812 sint
490 1775 543 1812 non
554 1759 644 1830 liquet.
670 1759 736 1812 Gelli
753 1757 858 1828 quidem
873 1760 900 1812 in
911 1759 1059 1812 Mamertini
1070 1757 1196 1828 Panegyr.
1208 1758 1241 1811 ad
1253 1759 1308 1811 hia·

142 1845 298 1898 nimianum
310 1845 400 1916 populi
411 1844 515 1914 quidam
528 1849 671 1909 censentur,
683 1849 713 1896 ut
724 1845 845 1897 observat
856 1844 974 1898 Orielins.

215 1927 289 1981 Ὀσσ
300 1945 326 1981 τε
337 1927 416 1998 ἄλλα,
429 1927 459 1981 toi
470 1945 496 1981 rt
508 1927 532 1980 is
544 1927 684 1997 Ἐλευσῖνι]
711 1929 798 1983 Pauca
810 1945 843 1982 ex
856 1929 962 1982 infinitis
973 1929 1163 1982 Eleusiniorum
1174 1929 1266 1984 ritibus
1278 1943 1309 1983 ao

142 2015 305 2068 ceremoniis
317 2015 445 2085 expressit
457 2031 471 2067 e
483 2013 614 2068 Clemente
625 2015 652 2067 in
664 2011 788 2084 Protrept.
803 2030 880 2084 quem
894 2020 922 2067 tu
939 2014 1057 2077 consule,
1074 2018 1103 2067 ut
1119 2019 1146 2068 et
1156 2013 1308 2082 Arnobium,

143 2099 269 2170 aliosque
286 2106 339 2152 iam
351 2107 449 2153 veteres
468 2115 546 2170 qnam
563 2101 719 2154 recentiores
737 2101 782 2170 qui
801 2100 833 2152 ds
849 2099 946 2152 Generis
962 2097 1092 2168 mysteriis
1109 2098 1308 2167 diligentissime

143 2187 319 2256 scripserunt.
354 2185 387 2238 Et
402 2201 451 2238 nos
467 2187 495 2238 in
506 2184 689 2238 Themistianis
701 2183 774 2238 Notis
787 2183 855 2238 haud
866 2199 948 2254 pauca
959 2185 1124 2239 contulimus.
1160 2184 1233 2248 Quae
1243 2185 1307 2240 adeo

142 2271 282 2324 nonnullis
294 2271 483 2340 persuasimus,
499 2275 529 2323 ut
544 2271 600 2322 sine
617 2271 671 2322 ulla
682 2271 837 2338 cuiusquam
848 2269 978 2322 mentione
990 2275 1114 2339 tanquam
1125 2271 1233 2340 vulgata
1244 2276 1270 2323 et
1280 2271 1307 2323 in

143 2357 270 2409 couiesso
289 2356 358 2426 apud
376 2371 466 2408 omnes
483 2356 581 2426 posita,
600 2371 667 2424 qnae
684 2356 739 2408 sine
757 2354 835 2407 dnbio
852 2371 884 2407 ex
902 2356 998 2407 nostris
1015 2355 1066 2408 illis
1083 2354 1235 2418 hauserant,
1253 2355 1308 2409 suls

143 2442 344 2494 commentariis
355 2441 489 2510 illigarini.
512 2439 586 2504 Quod
596 2446 698 2493 tunium
710 2440 784 2492 abest
794 2447 823 2492 ut
834 2439 941 2492 moleste
952 2439 1081 2504 ieramus,
1093 2445 1122 2493 ut
1133 2441 1244 2510 gratiam
1255 2439 1308 2492 lilia

143 2527 228 2580 etlam
241 2528 311 2580 ultro
320 2527 471 2590 debeamus,
484 2525 552 2596 quod
564 2541 631 2596 quae
643 2527 753 2596 primum
766 2541 782 2577 a
793 2525 869 2578 nobis
880 2531 1012 2595 comperta
1022 2525 1111 2578 timide
1124 2541 1154 2580 ao
1163 2525 1309 2578 diiiidenier

142 2611 285 2682 proposita
295 2613 348 2666 illio
360 2615 445 2677 erant,
461 2625 492 2663 ea
503 2627 549 2680 pro
561 2611 691 2664 setanhus
704 2625 734 2664 ao
746 2611 856 2681 receptis
868 2609 1014 2676 habuerint,
1027 2611 1253 2680 observationique
1263 2625 1310 2663 no·

143 2705 218 2751 strae
230 2697 334 2768 pondus
352 2703 377 2749 et
393 2695 557 2749 autoritatem
574 2696 720 2750 adiecerint.
755 2697 824 2749 inter
836 2713 866 2749 ea
878 2713 952 2768 porro
964 2713 1016 2750 non
1029 2696 1166 2750 minimum
1178 2695 1241 2748 iilnd
1252 2695 1309 2760 init,

144 2782 218 2854 quod
230 2782 355 2835 adremm
367 2782 529 2852 scaligerum
540 2782 699 2835 validissime
715 2781 895 2852 probavimus,
912 2783 1036 2851 mysteria
1048 2782 1146 2835 Cereris
1164 2797 1216 2835 non
1235 2781 1309 2851 quio·

144 2868 304 2940 quennalia.
319 2867 363 2920 sed
376 2883 465 2920 annua
475 2867 565 2920 luisse.
589 2866 669 2920 Cuius
681 2869 718 2920 rei
729 2867 808 2922 fidem
820 2881 835 2918 a
846 2868 951 2937 nuperis
962 2867 1012 2920 illis
1024 2867 1191 2937 scriptoribus
1204 2881 1309 2936 expres·

143 2969 205 3006 aaut
218 2967 277 3005 asse
290 2969 341 3005 non
353 2951 516 3006 mediocriter
527 2951 679 3020 gaudemus.
708 2952 788 3006 Paulo
800 2957 859 3005 ante
871 2952 930 3023 quid
942 2952 995 3005 sint
1006 2949 1186 3022 Μιγσρῐζονσσι
1197 2954 1307 3022 γυναῖκες

143 3039 264 3110 amplius
276 3037 459 3107 quaerendum.
494 3037 597 3091 (laelius
609 3037 718 3106 llhodig.
730 3037 774 3091 lib.
784 3055 827 3090 xv.
839 3053 894 3108 cap.
903 3055 937 3090 rx.
950 3037 1097 3091 certaminis
1108 3037 1241 3090 cuiusdam
1253 3037 1308 3089 hie·

143 3125 270 3194 gatensis
287 3123 417 3187 meminit,
434 3123 480 3176 sed
497 3123 565 3192 quod
581 3124 648 3176 inter
661 3138 767 3193 pueros,
784 3137 837 3175 non
854 3122 985 3186 mulieres,
1003 3121 1183 3193 peragebatur,
1200 3123 1307 3192 quinam

143 3210 258 3263 matiam
270 3215 400 3260 amantem
413 3215 481 3261 esset
492 3209 633 3262 oseulains.
657 3208 779 3276 Cogitent
790 3208 890 3261 eruditi.

217 3289 287 3346 Ὀσο
299 3309 324 3344 τι
336 3289 401 3344 ἄλλοι
413 3291 437 3344 ἐν
449 3291 546 3361 liniet]
572 3292 664 3362 Pythia
675 3295 827 3358 conamina,
842 3291 1058 3363 quemadmodum
1070 3293 1218 3365 Olympios,
1234 3295 1307 3364 quin·

143 3379 291 3451 qnauuaiia
302 3384 388 3442 amnt,
400 3383 430 3431 ut
441 3377 545 3432 Pindari
556 3379 707 3432 scholiastes
717 3378 798 3434 docet.
818 3369 1018 3432 Gelsbrsbsntnr
1029 3385 1115 3432 autem
1127 3381 1231 3432 ineante
1239 3395 1308 3444 rere,

143 3479 203 3519 nou
218 3464 419 3534 praecipitante,
436 3469 465 3516 ut
481 3464 548 3517 laiso
566 3463 684 3533 Scaliger
694 3464 738 3516 lib.
748 3481 766 3516 r.
778 3463 809 3515 de
827 3463 932 3516 Emend.
943 3463 1034 3534 Temp.
1052 3465 1162 3534 scripsit.
1196 3465 1252 3518 lloo
1268 3470 1309 3517 est

142 3549 351 3619 Elaphebolione
362 3565 466 3612 mense,
478 3549 523 3618 qul
534 3549 628 3602 liartio
640 3549 694 3602 iere
705 3548 856 3618 respondet,
872 3565 924 3602 nou
935 3547 1120 3620 Thargelione,
1137 3548 1206 3619 quod
1218 3549 1269 3602 alio
1279 3549 1308 3602 iu

144 3649 228 3704 opere
246 3633 453 3698 confirmabitur3
471 3640 500 3686 ut
517 3641 543 3686 et
558 3633 635 3698 illud,
653 3634 807 3686 commissos
825 3634 929 3686 eosdem
946 3649 1004 3687 esse
1020 3635 1096 3688 ludos
1111 3651 1178 3688 anno
1195 3633 1307 3688 secundo

144 3718 321 3772 tamiteridis
334 3720 496 3789 Olympicse,
508 3735 573 3783 non,
586 3725 614 3771 nt
626 3719 743 3788 Scaliger
754 3725 839 3788 putat,
851 3735 920 3772 anno
930 3721 1014 3774 tertio.

217 3803 264 3855 lini
276 3799 330 3854 ieet
341 3803 384 3854 rho
396 3801 492 3873 publio
504 3803 710 3873 ἀναστρέφοντες]
746 3802 819 3867 Quod
836 3805 868 3858 ab
881 3805 1015 3875 Aegyptiis
1031 3807 1147 3860 manavit
1162 3811 1189 3858 et
1200 3805 1308 3858 Osiridis
1335 3819 1355 3858 n·
1364 3806 1407 3850 ³³⁹·

144 3890 240 3943 neris.
276 3889 404 3942 Diodorus
421 3889 466 3944 lib.
480 3903 496 3941 ι.
531 3885 583 3941 Sed
601 3905 647 3958 pro
666 3887 844 3958 φσλσρίζοοσσι
861 3889 926 3943 ioris
944 3890 1105 3960 pellitorum
1123 3891 1307 3962 reponendum.

144 3975 213 4028 Vide
225 3974 262 4026 sia
274 3973 369 4027 Euseb.
381 3974 425 4027 lib.
434 3991 464 4027 rr.
477 3973 509 4025 de
521 3973 649 4043 Praepar,
669 3975 713 4043 qui
730 3989 790 4027 cunr
807 3973 838 4028 de
855 3975 996 4045 plerisque,
1014 3990 1081 4046 quae
1098 3975 1147 4030 hoc
1164 3977 1221 4030 loco
1238 3992 1308 4029 conr·

145 4065 336 4123 memorantur,
358 4057 544 4128 superstitiosis
561 4065 677 4111 veterum
693 4059 787 4112 ritibus
804 4060 859 4129 agit
876 4060 1016 4125 uberrime,
1037 4066 1093 4114 tum
1111 4075 1176 4131 quas
1192 4062 1308 4132 plerique

144 4145 229 4198 latere
241 4144 291 4196 snb
302 4143 354 4196 illis
365 4144 503 4213 allegorias
516 4145 706 4208 asseverabant,
719 4143 818 4197 erudite
828 4144 928 4198 refellit.
946 4145 1016 4209 Quae
1028 4145 1090 4198 dum
1101 4147 1167 4200 iorte
1179 4161 1306 4216 percurro,

145 4229 221 4283 iocus
235 4229 341 4298 qnidam
353 4229 441 4282 incidit
451 4229 612 4293 conlectura,
624 4235 652 4282 ut
664 4230 763 4299 opinor,
780 4237 882 4294 nostra,
900 4231 951 4284 luci
968 4246 999 4284 ao
1014 4247 1091 4284 aerae
1108 4231 1251 4284 sententiae
1267 4245 1306 4284 re·

147 4315 264 4367 stitutus.
289 4314 313 4366 ls
330 4319 369 4366 ast
383 4329 443 4384 pag.
455 4313 496 4368 53.
508 4329 575 4367 vers.
588 4311 660 4382 θιῐον,
677 4315 722 4368 uhi
736 4316 774 4368 ita
790 4316 911 4386 loquitur.
935 4314 977 4376 Ὦς
991 4312 1038 4386 ἄρα
1049 4317 1089 4368 sai
1100 4315 1115 4383 ἡ
1128 4314 1254 4386 θαυμαστὴ
1267 4316 1307 4368 ani

147 4396 290 4469 ἆπόῤῥητος
301 4398 447 4469 cumulatio
458 4401 499 4464 τῆς
509 4397 654 4464 Ἑλληνικῆς
665 4397 791 4470 teleptae
804 4401 867 4452 iilos
879 4399 922 4470 pais
934 4399 1012 4466 oieb,
1025 4400 1085 4452 eoos
1094 4419 1116 4452 τι
1128 4401 1191 4472 μέγα
1203 4403 1243 4454 καὶ
1255 4401 1307 4454 iso·

149 4483 238 4553 πρεπὲς
250 4483 344 4549 καὶτῆς
356 4481 509 4544 ἀναστάσεως
522 4481 587 4544 ἄξιον
598 4481 710 4552 ἐπήγετο.
746 4485 836 4538 Scribo
849 4485 940 4551 καὶτῆς
953 4483 1104 4548 ἀναστάσιος
1117 4483 1190 4556 ἄξιον,
1206 4486 1255 4540 hoc
1267 4495 1308 4541 ast

148 4569 322 4640 promissione
330 4568 451 4638 dignum,
462 4570 631 4622 traosiatlone
639 4583 656 4620 a
664 4570 835 4638 praeconibus
844 4569 932 4636 dueta,
944 4577 989 4624 ant
999 4572 1031 4624 iis
1043 4572 1163 4625 omnibns
1175 4573 1307 4642 quirerba

149 4653 245 4706 Muri
256 4653 415 4708 mantano
431 4653 564 4709 siendum
579 4651 705 4708 indicunt.
739 4653 783 4708 sio
800 4654 945 4727 mythologi
960 4657 1005 4711 iati
1025 4657 1109 4712 multa
1129 4663 1155 4712 et
1174 4659 1306 4728 praeclara
