3274 5154
1085 357 1270 422 Oblamlx

114 529 251 577 amentur.
271 521 319 577 llst
330 523 399 578 enim
411 517 444 577 ad
457 522 580 578 Orontm
593 537 657 588 una,
671 523 752 576 altera
763 522 795 575 ad
807 519 969 592 Euphraten,
981 520 1032 576 alis
1043 520 1071 576 in
1083 519 1186 588 Cilicia,
1198 526 1228 574 ut
1238 519 1270 574 de

113 611 213 680 reliquis
225 611 325 665 sileam.
974 618 978 629 ·

175 694 290 756 Euboicos
302 691 456 762 ἐπίσκοπος]
487 693 545 748 Non
557 695 636 748 alium
650 696 741 764 opinor
753 709 809 748 esse
822 709 899 764 quam
912 693 1109 748 Antiochenam.
1142 692 1189 746 llic
1201 693 1271 744 euim

112 780 273 834 coniunctam
285 797 345 834 cum
357 781 451 834 Acacio
464 796 583 833 caussam
595 779 699 846 habuit,
716 797 775 833 cum
794 796 876 849 eoque
893 779 919 832 in
933 777 1092 832 Seleuciensi
1109 784 1237 831 corruente
1254 794 1271 829 a

112 865 275 919 semiarianis
287 868 314 919 in
331 867 447 920 ordinem
463 867 582 919 redamus
603 865 718 919 uicissim
735 865 794 919 illos
812 865 839 917 in
854 861 1142 934 Constantinopolitano
1161 863 1269 917 coneilio

112 953 224 1022 perculit.
248 951 299 1005 Sed
317 953 339 1004 si
357 953 380 1005 is
397 956 447 1016 est,
464 952 558 1004 mirum
568 951 655 1016 valde,
674 950 804 1021 quomodo
815 967 869 1003 non
880 955 942 1020 poet
954 949 1096 1020 Georgium
1108 949 1199 1002 saltem
1211 949 1270 1001 Ale·

112 1037 265 1092 xandrinum
275 1037 465 1108 subscripserit,
478 1037 622 1107 quietique
635 1042 695 1090 ante
707 1036 845 1090 orientales
857 1041 884 1089 et
894 1035 975 1106 Syros
987 1035 1123 1106 episcopos
1134 1036 1270 1088 nominan-
1296 1055 1318 1096 p.
1328 1043 1372 1086 aar.

113 1122 157 1175 dus
168 1123 227 1176 tute

176 1205 329 1279 Παγαράτιος
341 1206 475 1268 ἐπίσκοπος
487 1206 647 1276 Πηλουσίου]
683 1207 733 1272 Qui
750 1212 776 1260 et
787 1205 922 1260 Sirmiensi
938 1207 1028 1261 tertiae
1044 1205 1200 1276 professioni
1212 1223 1270 1260 cum

112 1295 208 1359 liarco,
220 1293 320 1346 Basilio
333 1309 363 1346 ac
376 1293 483 1347 caeteris
495 1294 690 1364 subscripserat.

173 1377 206 1435 N.
221 1396 304 1434 xxvrr.
328 1377 358 1430 Oi
369 1381 488 1450 οσονεχείς
501 1380 610 1446 ταύτην]
633 1379 726 1432 Variae
744 1384 806 1432 sunt
822 1379 854 1432 ab
867 1377 970 1432 Arianis
986 1378 1095 1432 dirersis
1111 1379 1271 1449 temporibus

111 1465 190 1518 editae
201 1464 380 1535 professiones
391 1463 464 1530 fidei,
477 1479 585 1534 quarum
596 1481 691 1517 norem
703 1467 809 1518 omnino
821 1463 854 1517 ud
864 1463 1179 1535 Constantinopolitanum
1189 1480 1272 1534 nsque

111 1551 323 1616 conciliabulum,
341 1549 410 1620 qnod
422 1567 438 1602 a
449 1549 608 1604 seleuciensi
619 1549 737 1620 proxime
749 1556 789 1604 est
800 1550 931 1616 habitum,
949 1557 1065 1603 recenset
1076 1549 1209 1617 Socrates,
1227 1548 1272 1602 sed

111 1640 135 1688 et
145 1635 304 1689 Athanasius
319 1635 363 1690 lib.
376 1635 407 1690 dc
419 1635 524 1703 Synod,
537 1651 570 1688 ex
587 1651 639 1705 quo
656 1641 744 1689 tamm
763 1635 851 1690 decem
870 1635 1034 1706 colliguntur.
1061 1635 1132 1700 Quas
1149 1635 1197 1689 hoc
1215 1636 1272 1689 loco

111 1721 238 1791 stingum
251 1721 370 1775 breviter.

174 1807 268 1859 Prima
282 1805 344 1859 fidei
360 1802 450 1866 ίκίεοες
463 1804 614 1860 Antiochiae
632 1807 814 1861 encaeniorum
832 1812 947 1878 tempore
965 1809 1062 1878 scripte
1078 1805 1228 1861 Marcellino
1247 1811 1273 1860 et

111 1891 220 1946 Prohinc
233 1908 301 1944 coss.
313 1907 336 1944 a.
347 1905 451 1944 cocxnr.
464 1892 510 1945 ubi
522 1891 553 1945 de
566 1890 636 1963 οὐσίᾳ
648 1893 756 1946 verbum
768 1893 876 1946 nullum.

173 1977 295 2030 &canda
306 1977 332 2030 in
346 1977 436 2030 eodem
445 1977 617 2031 conciliabulo
630 1978 708 2044 editu,
720 1979 798 2049 paulo
807 1979 918 2049 longior,
930 1979 976 2032 ubi
985 1977 1069 2033 filium
1083 1983 1202 2050 μονογενῆ
1218 1977 1271 2030 bebi

111 2078 138 2115 ac
150 2065 192 2130 τῆς
205 2061 290 2124 οὐσίας
300 2060 381 2114 εἰκόνα
390 2063 564 2116 nominarunt.

178 2149 269 2202 Tertia
290 2147 385 2202 ibidem
402 2163 419 2200 a
435 2147 614 2219 Theophronio
632 2149 789 2220 conscripta,
810 2166 877 2220 qnae
895 2156 920 2204 et
937 2149 1021 2212 οὐσίας
1037 2149 1194 2204 vccabulum
1212 2165 1272 2220 sup·

110 2234 203 2304 primit

178 2319 283 2380 Quarto
294 2335 392 2390 paucos
403 2324 464 2390 post
474 2335 577 2372 meuses
589 2336 635 2389 per
645 2319 809 2386 Narcissum,
826 2321 933 2385 hdarim,
951 2322 1068 2392 aliosque
1085 2323 1112 2376 iu
1125 2319 1223 2376 Gallias
1240 2319 1272 2373 ad

110 2404 282 2458 Constantem
298 2405 386 2458 missa
420 2404 450 2457 ln
460 2403 510 2458 bac
522 2404 638 2458 damnati
650 2406 695 2476 qui
706 2405 821 2458 dicerent
832 2403 856 2466 ἐξ
868 2406 912 2458 οὐκ
925 2401 1003 2458 ὄντων
1016 2408 1057 2459 rbi
1070 2406 1129 2476 ίίον,
1147 2408 1163 2472 ἢ
1181 2404 1205 2466 ἐξ
1223 2404 1273 2456 ἐπί·
1338 2399 1341 2418 ”

111 2509 151 2561 ρας
163 2487 338 2560 ὑποστάσεως,
356 2489 396 2542 κού
413 2489 447 2562 μὴ
462 2487 488 2542 ἐκ
500 2494 543 2543 τοῦ
557 2491 612 2542 θεοῦ
624 2490 745 2561 γενέσθαι,
764 2497 809 2544 aut
824 2491 906 2546 fuisse
924 2493 1062 2562 aliquando
1080 2498 1196 2562 tempus,
1213 2508 1274 2545 cum

109 2593 160 2630 non
172 2581 253 2631 esset.

177 2663 277 2724 Quinta
288 2667 348 2732 post
358 2661 498 2716 trienninm
509 2663 536 2714 in
548 2659 649 2715 Italiam
661 2661 743 2714 miesa
755 2663 934 2733 μακρόστιχος,
952 2661 1001 2716 hoc
1017 2670 1059 2717 est
1072 2664 1175 2734 longior
1186 2667 1273 2735 appel·

108 2749 167 2802 lata.
204 2747 291 2810 Quam
307 2747 410 2818 quidem
422 2745 572 2802 Antiochiae
589 2731 738 2800 contextam
753 2748 781 2800 in
798 2749 935 2801 annalibus
951 2750 1058 2818 reperio.
1094 2749 1147 2803 Sed
1162 2747 1212 2803 hoc
1229 2767 1273 2802 ne-

109 2849 157 2904 que
180 2833 305 2887 Socrates
326 2848 356 2886 ac
377 2831 536 2888 Soaomenus
558 2849 641 2904 neque
659 2831 816 2886 Athanasius
839 2833 959 2887 retexunt
999 2833 1029 2888 ln
1052 2849 1103 2905 qua
1125 2837 1166 2900 τῆς
1189 2834 1273 2894 οὐσίας

109 2921 206 2973 mentio
225 2919 306 2972 nulla.

173 3005 255 3058 &xta
271 3005 298 3056 in
314 3004 422 3057 concilio
438 3003 574 3058 Sirmiensi
590 3009 680 3058 contra
691 3001 830 3057 Photiuum
848 3003 916 3057 edita
933 3019 1000 3057 anno
1014 3019 1110 3070 ccum,
1129 3005 1159 3058 de
1177 3019 1229 3074 qua
1246 3005 1273 3057 in

108 3090 287 3161 superioribus
300 3089 402 3142 abunde
415 3089 511 3144 dictum
524 3095 571 3143 est.

173 3176 291 3247 Septimo
303 3173 391 3228 Sirmii
402 3191 470 3228 anno
483 3189 599 3231 cccnvrr.
611 3175 703 3229 Latine
715 3176 812 3246 scripta
823 3179 875 3239 est,
887 3173 918 3227 de
931 3189 995 3244 qua,
1007 3179 1037 3228 ut
1048 3180 1074 3228 et
1085 3174 1117 3229 da

177 3261 293 3327 Octava,
304 3273 371 3331 qnae
380 3259 524 3314 Ariminum
536 3262 635 3331 perlata
647 3266 688 3314 est
699 3262 895 3332 conscriptaque
908 3277 976 3314 anno
990 3275 1109 3325 cccnrx„
1121 3261 1185 3314 satis
1197 3267 1274 3315 antea

109 3345 309 3417 disputavimus.

176 3433 258 3484 Nono
269 3437 310 3484 est
321 3431 450 3485 Acaciana
461 3431 593 3486 Seleuciae
604 3431 751 3503 proposita,
767 3445 846 3503 qnam
861 3447 920 3486 cum
932 3431 1068 3487 Sirmiensi
1079 3435 1155 3488 tertie
1166 3449 1274 3488 consen·

108 3518 155 3570 tire
167 3521 276 3570 autores
287 3516 356 3570 illius
369 3524 495 3571 asserunt.

178 3603 291 3656 Decimo
302 3601 526 3672 Constantinopoli
537 3603 570 3656 ab
584 3603 689 3668 Acacio,
701 3603 832 3668 Eudoxio,
845 3603 954 3674 aliisque
966 3601 1085 3659 conflatu.
1107 3605 1179 3670 Quae
1192 3604 1274 3665 οὐσίας

108 3693 133 3740 et
144 3685 307 3748 ὑποστάσεως
318 3689 423 3741 nomine
435 3689 631 3742 commemorari
642 3695 723 3755 uetat,
742 3688 854 3742 similem
871 3693 958 3743 tamen
975 3693 1042 3762 patri
1059 3690 1142 3744 filium
1159 3707 1217 3744 esse
1232 3690 1275 3743 de·

108 3773 173 3828 linit.
212 3773 259 3826 llis
275 3775 430 3826 undecimam
449 3773 520 3826 addit
533 3773 692 3828 Athanasius
705 3772 857 3827 Antiochiae
874 3775 907 3828 ab
925 3775 1017 3828 iisdem
1034 3776 1092 3830 istis
1109 3776 1275 3847 publicatam,

108 3859 152 3911 nbi
164 3859 327 3929 superiorem
339 3858 520 3924 emendarunt,
538 3875 568 3912 ac
580 3860 733 3913 dissimilem
743 3859 824 3931 patris
836 3860 919 3914 filium
932 3861 1052 3915 audacter
1063 3861 1274 3932 pronunciarunt

109 3943 183 3996 Unde
196 3945 325 3996 Anomoei
336 3948 362 3997 et
373 3942 536 4006 Ἐξοοκόντιοι
549 3945 673 4015 appellari
685 3950 833 4016 coeperunt.

176 4025 210 4081 N.
223 4045 313 4080 xxxiv.
337 4027 382 4078 llui
394 4029 489 4100 νύκτωρ
502 4029 681 4100 φυγαδεύεται]
709 4029 755 4082 Bis
768 4029 905 4084 Antiochia
916 4031 1006 4100 pulsus
1020 4037 1060 4084 est
1071 4030 1199 4086 Meletius.
1221 4031 1274 4084 Pri·

110 4129 183 4166 mum
196 4129 213 4164 a
224 4111 389 4177 Constantio,
407 4114 476 4183 quod
488 4115 612 4168 Arianum
624 4114 721 4184 dogma
732 4115 853 4181 minime,
871 4115 910 4168 uti
921 4134 980 4186 spes
993 4125 1058 4182 erat,
1073 4118 1179 4172 foveret
1213 4117 1275 4170 Inde

109 4213 125 4250 a
136 4199 258 4253 Valente.
293 4197 358 4252 Nam
371 4200 420 4252 suh
431 4199 538 4253 loviano
551 4199 702 4252 Antiochiae
715 4201 853 4253 concilium
866 4199 969 4265 habuit,
988 4201 1013 4252 in
1032 4219 1083 4271 quo
1095 4201 1277 4256 Macedoniani

109 4291 135 4336 et
147 4283 272 4338 Acaciani
283 4283 425 4338 Nicaenam
442 4283 521 4338 fidem
539 4285 652 4354 amplexi
670 4291 739 4339 sunt.
763 4284 883 4339 Socrates
896 4284 990 4340 lib.rr1.
1004 4302 1122 4356 capxxr.
1156 4285 1219 4339 Post
1235 4285 1274 4340 lo·

108 4371 182 4424 viani
200 4369 300 4424 obitum
318 4385 335 4422 a
349 4369 458 4424 Valente
474 4372 612 4442 relegatur,
632 4375 662 4422 ut
678 4368 747 4422 idem
763 4369 808 4424 lib.
823 4387 856 4422 ιε.
875 4385 931 4439 cap.
946 4388 974 4424 rr.
993 4371 1138 4441 caeterique
1154 4371 1275 4442 produnt

109 4456 287 4518 Quamobrem
300 4455 369 4525 quod
381 4456 472 4509 scribit
482 4454 655 4526 Epiphanius,
673 4453 718 4516 ἕως
731 4454 818 4506 τούτου
830 4457 875 4505 τοῦ
887 4456 992 4525 χρόνου,
1010 4473 1062 4510 non
1080 4457 1118 4529 sic
1130 4457 1276 4528 intelligen-

111 4541 176 4594 dum
188 4547 241 4607 est,
258 4547 289 4594 ut
303 4547 456 4612 perpetuum
467 4556 484 4594 a
495 4539 641 4596 consenui
652 4547 767 4612 ternpore
779 4539 857 4594 suerit
867 4541 983 4594 exilium.
1006 4541 1045 4596 Dc
1056 4542 1162 4599 Meletio
1173 4559 1235 4598 uero
1247 4557 1278 4596 ac

163 4644 410 4693 verullaeramtm.
1052 4643 1073 4699 Τ
