3216 5152
312 334 349 390 IV

313 487 494 562 theologorum
504 504 624 544 normam
634 490 755 545 rooabuli
765 505 844 545 usum
854 491 930 546 istius
943 493 1027 564 exigi,
1044 509 1062 546 a
1077 493 1172 564 quibus
1188 493 1250 565 quid
1260 496 1361 566 proprie
1371 495 1465 552 sitlas-

313 575 390 640 resia,
408 581 434 629 et
450 580 577 647 quantum
592 575 699 647 reliquis
713 576 747 631 ab
758 577 835 630 sestis
847 575 950 632 differat
961 579 1082 632 subtilius
1095 583 1173 649 atque
1185 577 1344 634 enucleatius
1355 580 1467 637 declarari

313 662 387 716 solet.
421 659 488 716 Nam
503 677 588 732 neque
603 661 704 732 priores
720 661 781 716 illae
796 665 895 728 aeetae,
912 662 1107 730 Barbuismus,
1129 663 1305 735 Scythiemus,
1325 666 1466 734 Iudaismus,

313 752 440 818 quatenus
461 745 555 800 Christi
574 752 661 802 ortum
681 747 833 812 antsoemit,
852 747 920 802 inter
940 747 1059 803 haereses
1079 750 1172 804 morito
1192 756 1368 816 recensentur,
1392 769 1468 824 neque

312 833 381 886 ullae
392 831 511 903 proprias
522 837 609 886 eeotae
620 831 795 887 Barbarorum
807 837 854 886 aut
864 832 1021 902 Scytharum
1031 835 1144 890 inerunt.
1172 837 1271 908 Atque,
1289 841 1318 889 ut
1328 837 1468 908 diligentior

312 917 341 972 iu
351 917 516 984 HellenismI,
533 916 658 972 Iudaismi
674 933 705 971 ao
721 917 894 974 Samaritisml
910 920 1009 990 speeies
1020 921 1177 992 inquiretur,
1194 921 1333 994 pleraeque
1343 923 1469 978 forsitans

312 1019 420 1058 numero
432 1010 574 1068 sectarum,
595 1004 650 1057 sive
661 1002 815 1070 haereseon,
836 1004 990 1059 eximendae
1001 1011 1089 1060 eruntr
1112 1005 1144 1059 de
1159 1023 1211 1078 qua
1221 1023 1249 1060 ro
1260 1008 1371 1078 sparsIm
1382 1024 1411 1062 ao
1421 1009 1469 1062 suis

312 1089 376 1144 louis
397 1088 567 1160 opportunius
586 1094 686 1159 agetur.
720 1089 751 1142 In
767 1089 926 1144 Hslleuismo
946 1090 1062 1162 quidem,
1087 1106 1148 1144 oum
1168 1097 1280 1163 quatuor
1298 1093 1470 1147 tantummodo

313 1181 396 1230 motta
407 1172 568 1245 Epiphanius
579 1179 710 1240 numeret,
726 1173 843 1230 Infinitae
854 1175 963 1246 adiungi
973 1177 1039 1230 alise
1050 1181 1203 1248 potnerunt:
1222 1193 1333 1247 quarum
1343 1179 1472 1250 plerunque

312 1260 340 1314 iu
352 1259 423 1314 oalos
439 1257 517 1313 huius
534 1259 633 1330 operis,
650 1260 677 1314 io
693 1259 765 1313 Iidei
782 1258 930 1314 Catholicae
947 1260 1106 1332 Compendio
1123 1267 1276 1333 prosecutus
1288 1269 1336 1318 est.
1364 1263 1472 1318 Alterum

310 1343 362 1399 hoo
369 1345 398 1398 in
406 1345 512 1415 negotio
521 1339 738 1400 considerandum
747 1349 799 1411 est,
811 1347 930 1416 quamvis
939 1362 1031 1400 omnes
1039 1347 1098 1401 illae
1107 1353 1192 1402 sectae
1201 1348 1268 1402 iuter
1275 1349 1401 1403 Haereses
1409 1347 1473 1402 hand

311 1429 441 1484 immerito
454 1436 619 1495 censeantur,
636 1446 803 1502 nequaquam
813 1435 903 1484 tamen
911 1430 1056 1502 Epiphanio
1068 1433 1264 1503 octogenarium
1276 1434 1351 1487 illum
1362 1440 1473 1488 constare

312 1531 459 1570 numerum.
487 1515 589 1568 Etenim
600 1515 628 1569 in
638 1516 777 1588 partitione
787 1516 847 1586 ipsa
856 1521 948 1570 souma
959 1515 1089 1572 dividendi
1099 1523 1238 1589 praesepta
1252 1536 1307 1573 nou
1318 1519 1474 1573 medioeriter

311 1605 450 1672 peceatum
466 1605 518 1665 est,
538 1616 599 1653 oum
613 1600 739 1672 principio
755 1601 870 1671 quinque
887 1600 1095 1656 antechristum
1112 1609 1242 1658 saetarum
1261 1603 1370 1674 lastigie
1388 1621 1473 1676 propo

312 1691 421 1740 nnntur:
438 1683 632 1750 Barbarismus,
647 1683 825 1756 Scythismue,
841 1685 1030 1752 Hellenismus,
1047 1687 1207 1754 Iudaismus,
1223 1689 1432 1753 Samaritismus3
1448 1705 1474 1742 ao

313 1770 405 1825 deinde
417 1770 560 1842 posteriora
571 1771 622 1824 tria
632 1786 729 1842 genera
740 1771 768 1824 in
780 1771 845 1825 alias
856 1771 956 1843 species
968 1772 1125 1828 tribuuntur.
1152 1773 1186 1827 Et
1201 1773 1370 1828 nihilomiuus
1386 1789 1474 1844 genera

313 1873 373 1911 oum
384 1856 507 1910 sublectis
520 1856 571 1910 sibi
582 1855 700 1927 partibus
712 1855 823 1910 eundem
833 1857 861 1911 in
872 1873 1011 1912 numerum
1022 1875 1204 1930 summamque
1215 1859 1396 1924 conferuntur,
1412 1857 1474 1930 quod

313 1947 353 1996 set
363 1942 391 1996 iu
404 1941 530 1995 divisione
541 1941 749 1996 vitiosissimum.
777 1939 867 2013 Neque
879 1942 949 1996 enim
960 1959 1043 2013 genus
1055 1943 1116 2014 πρὸς
1128 1943 1159 1996 τὰ
1171 1943 1220 2010 εἴδη
1233 1942 1417 2015 ἀντιδιαιρεῖται.
1445 1941 1475 1996 Ut

312 2027 335 2082 si
347 2029 435 2081 anima
451 2027 556 2096 uitaque
573 2025 719 2098 praeditum
735 2043 828 2099 corpus
840 2027 953 2098 primum
964 2029 991 2082 ln
1004 2029 1100 2083 animal
1112 2045 1143 2082 ao
1154 2029 1272 2100 plantam
1282 2031 1407 2101 partiare:
1423 2035 1473 2082 lum

312 2113 409 2168 animal
420 2113 446 2167 in
459 2117 591 2177 terrestre,
603 2113 729 2183 aquatile,
741 2111 857 2168 uolatile:
874 2113 991 2184 plantam
1002 2113 1030 2168 iu
1042 2114 1149 2168 herbam
1160 2113 1291 2180 fruticem,
1310 2121 1338 2168 ot
1349 2115 1474 2178 arborem,

313 2215 344 2252 so
356 2197 446 2252 deinde
458 2198 572 2252 collectis
584 2199 719 2263 omuibus,
738 2204 796 2252 uoto
814 2200 927 2270 eorporis
943 2199 1051 2254 animati
1061 2207 1149 2271 partes
1160 2216 1217 2254 esse
1230 2203 1389 2266 constituae,
1406 2200 1475 2253 nimi·

312 2301 371 2338 rum
383 2283 494 2348 anImal,
511 2283 641 2354 plantam,
658 2288 779 2338 terrestre
791 2284 901 2350 animal,
912 2286 1038 2355 aquatile,
1054 2285 1173 2350 volatile;
1190 2284 1311 2352 herbam,
1323 2286 1443 2340 fruticem
1453 2289 1476 2338 et

314 2370 441 2423 arborem.
449 2365 455 2377 '
464 2367 504 2421 Ita
515 2369 585 2422 onim
595 2369 662 2423 inter
674 2367 808 2424 dirisIonis
820 2375 907 2442 partes
916 2385 1013 2440 genera
1021 2371 1089 2441 ipsa,
1103 2385 1169 2442 quae
1178 2369 1335 2437 dividuntur,
1347 2387 1476 2444 perperam

312 2453 419 2509 referas.
449 2451 772 2517 Quodinillahaeresson
784 2455 965 2510 distributione
976 2455 1109 2510 commisit
1119 2453 1286 2528 Epiphanius.
1316 2455 1476 2530 Quippetres

265 2587 268 2596 .
312 2540 387 2605 illae,
400 2555 464 2610 quas
477 2539 544 2605 dixi,
555 2539 741 2606 Hellenismue,
754 2539 913 2606 Iudaismus,
925 2539 1133 2607 Samaritismus,
1151 2557 1210 2596 oum
1222 2541 1277 2595 suis
1288 2544 1409 2614 partibus
1421 2559 1475 2596 oon·

253 2658 258 2671 ·
280 2655 286 2671 ·
310 2625 416 2680 iunctae
427 2639 558 2678 summam
570 2625 719 2684 conficiunt.
749 2625 823 2681 Unde
833 2626 967 2680 subductis
979 2632 1048 2680 route
1060 2627 1194 2692 omnibus,
1212 2645 1268 2682 xvrr
1279 2627 1411 2682 duntaxat
1422 2632 1476 2682 ante

312 2709 457 2775 christum,
475 2709 595 2764 univerae
606 2726 667 2765 rero
679 2727 771 2766 auen
782 2710 914 2777 haereses,
932 2728 986 2765 nou
1002 2730 1073 2766 nrxx
1088 2718 1265 2768 numerantur.
1294 2713 1434 2768 Praeterea
1444 2731 1476 2767 rx

310 2797 427 2870 priorum
444 2793 585 2849 haormeon
602 2795 683 2850 alium
699 2797 727 2850 in
742 2795 859 2868 Epistola
874 2795 907 2852 ad
923 2795 1046 2852 Aoaoium
1062 2801 1088 2851 st
1102 2797 1212 2851 Paulum
1229 2799 1397 2870 presbyterae
1413 2799 1477 2852 otiu

310 2880 543 2954 Anaoephalaeoei,
561 2896 640 2953 quam
651 2882 679 2936 in
690 2882 746 2953 lpso
759 2882 869 2938 decursu
880 2883 978 2956 operis,
995 2883 1113 2939 ordinem
1124 2883 1245 2939 instituit.
1274 2881 1422 2957 Utrumque
1432 2901 1477 2938 nos

310 2967 338 3022 in
349 2967 469 3040 sequenti
479 2965 569 3021 tabula
579 2967 771 3038 proposuimus.

310 3121 365 3178 XX
375 3122 491 3194 priorum
503 3079 649 3176 haereseon
658 3120 720 3176 ordo
734 3123 763 3178 in
774 3123 843 3178 dna-
919 3123 973 3180 XX
990 3124 1106 3196 priorum
1118 3123 1260 3179 haereseon
1277 3123 1343 3180 ordo
1356 3141 1392 3180 ox
1404 3138 1477 3198 opere

496 3188 668 3262 oophalaeosi.
858 3213 861 3218 ·
1140 3193 1251 3248 renuit

540 3291 756 3348 l.Barbariemus
1131 3294 1352 3350 l.Barbarismus

539 3361 564 3416 2.
578 3359 612 3415 So
641 3359 742 3416 hisnme
1130 3365 1154 3418 2.
1167 3363 1202 3418 Se
1251 3365 1335 3418 'mus

537 3427 563 3486 3.
574 3369 750 3511 lleIanismus
1129 3431 1154 3488 3.
1167 3433 1205 3486 lie
1225 3433 1344 3488 euismus

539 3499 564 3554 4.
577 3496 724 3553 luderemus
1128 3503 1153 3556 4.
1165 3501 1312 3554 Iudaismus
1456 3504 1458 3513 '

538 3565 563 3621 5.
577 3563 775 3622 Samaritiemus
1129 3569 1154 3624 5.
1168 3567 1250 3623 Stoici

430 3633 595 3756 ..με
622 3637 734 3757 ..ree
1129 3637 1322 3774 εήρε

336 3735 489 3792 ³⁶¹¹⁰¹¹¹⁸¹¹²²
538 3769 563 3825 s.
577 3769 693 3852 soror·
1128 3721 1285 3855 ertpeffer

1115 3841 1311 3965 μμερ

310 4008 486 4064 onnon
523 3973 692 4126 illisu
1113 3978 1293 4128 ῗὲῑὲῖᾞὲμ

524 4112 562 4168 13.
575 4111 693 4194 Dositheo
1114 4115 1153 4170 13.
1165 4114 1283 4169 Dosither
1303 4184 1309 4198 ι

520 4180 706 4303 μεμε
912 4303 916 4312 ,
1114 4183 1311 4308 μεμε

524 4317 719 4372 lesmorensi
1113 4320 1152 4373 16.
1164 4319 1296 4374 Pharisaei

363 4384 488 4440 Iudaismi
524 4387 563 4441 17.
575 4386 816 4468 Hemeqobaptistes
950 4387 1074 4442 Iudaismi
1113 4387 1152 4444 17.
1163 4389 1408 4470 Hemerolraptiatas

524 4453 563 4509 18.
577 4455 668 4508 Ossaei
1112 4453 1151 4509 18.
1163 4455 1287 4510 Nauaraer

526 4521 564 4577 19.
577 4521 703 4577 Nazaraei
1113 4524 1151 4578 19.
1164 4524 1256 4578 Osseni

523 4585 714 4647 tonnellam
1110 4591 1302 4648 Illlierodiani
