3274 5154
337 395 518 456 conmw

336 571 429 608 menne
439 554 506 609 ialsc
518 552 548 607 in
557 551 694 608 Sirmiensi
705 551 804 623 synodo
820 553 993 625 conscriptam
1007 559 1167 610 asseverant.
1202 551 1270 608 lists
1285 559 1326 608 est
1342 553 1415 608 enim
1431 567 1500 608 suno
1615 555 1616 570 ¹

337 639 441 694 demum
453 655 559 694 occurs.
577 639 690 694 Eusebio
707 645 733 692 et
747 639 859 710 llypstio
871 655 938 694 coss.
956 658 993 695 ιι.
1006 640 1064 696 Ksl.
1077 639 1178 705 lunius,
1194 645 1224 692 ιι
1235 637 1396 694 dthmssiss
1412 639 1459 692 lib.
1471 641 1502 693 ds
1615 631 1616 684 ἔ

336 724 448 794 Synodis
461 725 542 778 docet.
576 724 626 790 Qui
638 724 692 778 dies
704 724 768 795 prid.
781 730 945 795 pentecostes
958 725 1023 790 init,
1040 725 1110 795 quod
1120 724 1281 796 Epiphanius
1292 723 1342 780 hcc
1353 727 1380 780 iu
1392 725 1452 778 loco
1465 729 1503 780 ts-
1615 719 1616 738 ¹

335 815 426 864 stetur.
450 809 514 863 Vide
526 825 592 880 quse
603 809 725 864 Nicolaus
736 809 821 862 Faber
831 810 912 881 praei.
925 809 957 862 sd
969 809 1060 864 Bilsrii
1071 810 1218 880 irsgments
1234 811 1351 880 disputet
1367 825 1431 882 psg.
1442 807 1502 864 dib.
1615 801 1616 804 ¹

328 885 418 964 ¹igitur
434 901 494 965 post
508 897 675 964 Ancyrannm
697 896 835 948 concillum
857 895 971 949 Basilius
999 896 1094 966 aliique
1112 895 1333 949 Samiarianornm
1350 895 1434 965 legati
1451 893 1503 948 Sir-

334 981 418 1034 mium
429 980 462 1034 sd
473 981 655 1050 imperatorem
666 980 775 1051 profecti
790 981 878 1034 literas
896 981 930 1034 ab
946 997 976 1034 eo
995 986 1086 1034 ιοιιιιι
1097 981 1246 1035 Eudoxium
1257 987 1284 1034 et
1293 981 1447 1034 Anumoocs
1458 995 1504 1034 ex·

335 1071 493 1136 presserunt.
517 1065 584 1118 Tum
602 1065 634 1118 de
650 1065 790 1120 somniem
809 1066 917 1120 consilio
933 1067 1074 1136 impensior
1088 1065 1121 1120 ad
1133 1082 1174 1120 res
1186 1064 1363 1120 Antiochense
1375 1066 1504 1119 ecclesiae
1615 1129 1616 1140 χ

336 1150 541 1222 componendas,
552 1167 631 1221 quem
641 1151 774 1205 Eudoxias
786 1157 888 1222 prester
900 1165 1012 1204 canones
1025 1157 1172 1222 occuparat,
1183 1151 1262 1205 simul
1273 1151 1305 1205 sd
1314 1151 1385 1206 Attii
1397 1157 1425 1205 et
1434 1150 1503 1204 duo·

335 1251 469 1290 moeorum
481 1235 671 1306 profligendam
681 1237 855 1307 impietatem,
872 1253 968 1291 novam
985 1237 1114 1306 synodum
1132 1252 1292 1308 congregsre
1308 1238 1415 1301 statuit,
1433 1236 1503 1307 quud

335 1337 415 1393 supra
426 1322 453 1375 in
464 1337 591 1376 sucorum
604 1323 710 1392 synopsi
722 1321 918 1378 declaravimus.
941 1321 1036 1376 Postes
1047 1337 1107 1376 oum
1119 1321 1151 1376 de
1162 1323 1239 1388 urbs,
1255 1323 1283 1376 in
1295 1338 1349 1392 qus
1359 1337 1502 1376 comnena

263 1449 270 1462 ,
335 1406 425 1461 haberi
440 1413 540 1478 posset,
557 1422 722 1477 nequequam
739 1408 854 1479 episcopi
865 1409 1045 1473 convenirent,
1061 1407 1174 1462 Basilius
1190 1425 1258 1462 anuo
1271 1422 1399 1462 cccxnrx.
1412 1423 1503 1461 rursus

335 1493 367 1547 sd
378 1494 560 1563 imperatorem
572 1492 697 1546 Sirmium
708 1492 819 1546 mvolst.
853 1493 925 1546 Prior
942 1495 1012 1546 enim
1028 1493 1153 1564 profectio
1170 1494 1198 1547 in
1216 1509 1314 1547 sunum
1330 1495 1501 1564 superiorem,

335 1595 387 1650 quo
399 1583 426 1632 et
436 1578 603 1648 ,Ancyranum
614 1579 752 1632 concilium
764 1577 922 1632 celebratum
934 1585 982 1644 est,
993 1579 1109 1634 incurrit.
1126 1577 1165 1632 Ibi
1177 1595 1236 1632 curn
1248 1577 1397 1643 Ursscism,
1407 1577 1502 1632 Vales-
1615 1589 1616 1592 ’

334 1670 401 1728 tem,
417 1663 534 1717 Marcum
550 1663 730 1730 Arethusium,
748 1663 890 1734 Georgium
907 1664 1125 1729 Alexandrinum,
1144 1663 1305 1718 Geminium
1327 1663 1450 1734 aliosque
1464 1663 1501 1716 is·

335 1750 427 1804 ctiords
439 1750 549 1802 Afisnse
560 1749 689 1820 principes
701 1749 864 1814 offendisset,
882 1765 941 1804 cum
958 1749 1010 1803 illie
1028 1765 1185 1819 congressus
1201 1754 1253 1813 est,
1271 1765 1302 1803 ao
1318 1755 1382 1820 poet
1392 1749 1501 1820 longam

335 1835 529 1888 altercationem
541 1834 646 1888 demum
658 1835 818 1890 allaborante
830 1833 982 1888 Ocnstsmm
999 1835 1026 1888 iu
1043 1849 1102 1888 esm
1116 1833 1177 1888 fidei
1188 1835 1378 1905 professionem
1391 1849 1501 1888 cunan-

335 1935 394 1974 sum
405 1920 439 1972 ab
451 1920 571 1974 omuibus
584 1925 631 1984 est,
642 1925 672 1973 nt
681 1918 763 1981 otetur
773 1925 799 1972 et
808 1917 940 1990 ipsasciou
950 1921 1053 1974 abolitis
1061 1919 1170 1974 vocibus
1178 1919 1261 1973 filium
1273 1921 1342 1990 patri
1352 1936 1403 1990 per
1413 1919 1501 1974 omnia

335 2006 447 2060 similem
464 2005 632 2058 sifirmsrem.
667 2005 716 2058 Cui
731 2005 827 2058 Vslens
844 2006 940 2060 inritus
957 2005 1121 2076 subscripsit,
1139 2004 1253 2059 Basilius
1270 2021 1345 2071 roro,
1362 2005 1438 2076 qnod
1454 2007 1500 2058 im-

334 2097 435 2163 petrsre
451 2091 559 2144 minime
576 2090 714 2161 potuisset,
732 2092 805 2144 utin
821 2091 933 2144 formula
949 2092 1008 2161 ipsa
1019 2092 1161 2144 ιιιὸιιαιιιία
1173 2091 1263 2143 eissille
1275 2089 1405 2144 diceretur
1419 2091 1499 2156 filins,

333 2177 362 2230 iu
372 2177 560 2246 subscriptione
572 2190 621 2229 sus
632 2175 694 2246 quid
706 2177 813 2230 sentiret
823 2181 947 2230 testatum
957 2177 1046 2240 voluit,
1062 2182 1092 2230 nt
1102 2173 1150 2230 lucc
1164 2175 1220 2229 loec
1232 2181 1320 2229 narrat
1327 2174 1499 2247 Epiphanius

333 2261 429 2316 Vslens
447 2277 506 2315 cum
523 2259 572 2314 hac
586 2260 698 2314 icrmula
708 2261 770 2314 fidei
786 2262 874 2315 statim
891 2261 924 2316 nd
936 2261 1099 2316 Ariminense
1116 2261 1255 2314 concilium
1271 2261 1397 2332 perrexit.
1431 2261 1500 2316 Inter
1615 2283 1616 2300 ι

333 2347 425 2401 Hilarii
434 2347 584 2417 irsgmeuta
594 2351 682 2400 exstet
692 2347 803 2417 epistole
815 2346 953 2412 Germiuii‚
971 2363 1005 2400 ex
1022 2361 1074 2417 qus
1089 2346 1153 2399 illud
1167 2351 1303 2417 prsctorea
1315 2347 1498 2417 cognoscitur:
1615 2337 1616 2342 ἵ

334 2449 395 2486 cum
406 2438 542 2503 prosecute
554 2431 707 2486 Constantio
719 2431 824 2502 longius
836 2431 868 2484 ed
880 2437 983 2485 noctem
995 2449 1077 2502 usque
1089 2432 1189 2502 prolata
1206 2438 1275 2486 esset
1291 2432 1323 2485 de
1339 2431 1394 2486 fida
1412 2432 1498 2504 dispu-

333 2518 398 2571 tatio
410 2525 437 2570 et
448 2517 482 2570 ad
493 2525 591 2570 cortem
602 2518 720 2586 regulum
732 2517 867 2587 perducta,
880 2518 998 2570 Marcum
1009 2517 1176 2572 Arethusium
1188 2517 1221 2570 ab
1233 2523 1342 2587 utraqsm
1353 2523 1432 2588 parts
1442 2535 1498 2572 esse

272 2675 274 2680 ι
334 2602 474 2669 delectum,
486 2619 504 2656 s
514 2619 566 2672 quo
579 2602 728 2656 sirmiensis
740 2603 785 2656 illa
796 2602 909 2656 iormula
921 2601 1027 2668 dicum,
1040 2603 1082 2656 cui
1094 2619 1160 2657 scas.
1171 2603 1282 2674 praefixi
1292 2608 1364 2657 eunt.
1389 2603 1432 2658 Ex
1443 2603 1498 2674 pol-

333 2689 383 2743 bus
400 2694 509 2760 apparet
521 2687 694 2752 Germinium,
712 2703 772 2741 cum
788 2687 913 2742 ιιιιιιιιιιι
925 2688 1117 2742 Anomoeorum
1135 2687 1256 2759 perfidise
1273 2703 1333 2742 cum
1345 2672 1499 2744 Vslentaet
1615 2685 1616 2718 ³

233 2781 307 2836 peti
333 2773 554 2839 Ursscioiuisset,
571 2773 726 2844 quibuscum
744 2773 823 2827 etism
839 2773 949 2827 Hosium
961 2773 993 2827 ad
1007 2771 1139 2844 dpooccloe
1151 2779 1177 2826 et
1189 2770 1330 2844 iporoueicc
1341 2774 1498 2828 tollendus
1615 2803 1616 2830 ι

332 2859 418 2914 medio
429 2875 507 2914 voces
523 2858 659 2929 adegerat,
676 2865 706 2912 ut
720 2859 764 2913 lib.
775 2877 810 2914 ιι.
824 2875 880 2930 csp.
890 2876 928 2915 ιι.
945 2859 1036 2912 scribit
1051 2858 1223 2923 Soscmenus,
1241 2859 1274 2911 ab
1290 2859 1343 2912 illis
1359 2860 1498 2930 paululum

333 2945 488 3000 dissensisse
503 2952 530 2999 et
545 2961 685 3016 suppressa
700 2945 742 3011 τῆς
759 2943 842 3006 οὐσίας
858 2944 990 2999 mentione
1005 2943 1053 2998 filii
1064 2961 1110 3015 per
1121 2944 1210 2999 omnis
1221 2959 1280 2997 cum
1291 2949 1366 3015 pstre
1377 2945 1499 3000 similitu·

333 3032 420 3086 diuem
431 3031 577 3102 agnovisse.

401 3117 538 3188 Perspicitis,
550 3115 717 3187 ‘iuurcutoiiJ
740 3117 792 3170 Alii
803 3115 944 3188 Γερμανίου.
969 3115 1021 3170 Sed
1032 3114 1156 3187 Peppwlsu
1168 3116 1219 3186 leg.

400 3202 431 3258 N.
445 3219 521 3256 xxm.
545 3201 710 3273 Διηνέχθησαν
728 3195 770 3254 οὖν
786 3199 810 3253 ci
825 3201 915 3270 edroi]
949 3201 1062 3256 Basilius
1080 3204 1232 3271 Ancyrmus
1249 3205 1310 3272 post
1325 3200 1496 3256 Sirmieussm
1615 3255 1616 3258 ,

332 3287 475 3359 synodum,
490 3289 518 3341 in
531 3303 582 3358 qua
594 3295 726 3341 strenuum
737 3286 861 3340 adversus
872 3285 1012 3340 Photinum
1023 3303 1128 3358 operam
1139 3292 1291 3352 cavaverat,
1303 3286 1374 3358 apud
1387 3289 1497 3360 impers-
1615 3313 1616 3338 ;

331 3380 414 3428 torem
427 3375 512 3442 grstia
522 3371 663 3443 plurimum
675 3378 701 3426 et
712 3373 848 3426 autoritate
860 3372 950 3428 veluit.
983 3373 1050 3428 Nam
1062 3373 1095 3426 sb
1107 3373 1244 3442 Ancyrsno
1256 3373 1365 3442 concilio
1378 3373 1414 3426 ad
1425 3375 1496 3428 illum
1615 3421 1616 3440 ,

332 3460 460 3528 sllegstns
472 3457 537 3512 nihil
549 3475 601 3512 non
614 3458 733 3523 obtinuit,
746 3459 810 3512 adeo
822 3464 851 3512 ut
859 3458 1007 3512 liudoxium
1016 3459 1123 3528 eiusque
1135 3457 1320 3528 suffragatores
1331 3458 1496 3529 imperatoris

332 3543 416 3598 edicto
427 3545 585 3614 percelleret.
609 3544 673 3597 idox
690 3545 718 3596 in
730 3544 885 3598 Ariminensi
902 3549 928 3598 et
939 3543 1097 3597 Seleucienei
1108 3543 1208 3613 synodo
1219 3544 1415 3614 congregandis
1425 3561 1496 3616 pree

332 3631 422 3702 cipuse
434 3635 520 3700 pertas
532 3629 594 3699 egit
616 3629 712 3683 Verum
724 3630 802 3700 psulo
814 3635 874 3699 post
884 3629 973 3683 Acscii
983 3629 1095 3684 factione
1106 3627 1220 3682 deiectus
1231 3645 1283 3682 non
1296 3629 1375 3683 modo
1388 3631 1496 3701 impus-

331 3717 394 3769 toris
413 3715 510 3785 gratis,
528 3715 574 3768 sed
591 3715 742 3785 episccpstu
759 3716 866 3786 iusuper
883 3715 986 3769 excidit.
1020 3715 1181 3784 Flagrsbaut
1195 3731 1241 3786 per
1255 3715 1300 3767 illa
1310 3720 1495 3786 temporancu

331 3799 418 3854 solum
429 3801 496 3854 inter
504 3802 614 3854 Arianos
627 3806 653 3854 et
664 3799 819 3866 catholicos,
832 3799 878 3854 sed
889 3801 956 3854 inter
967 3801 1038 3870 ipsos
1047 3801 1156 3853 Arianos
1167 3799 1281 3854 dissidia.
1299 3799 1419 3863 Quorum
1431 3801 1495 3854 dese

331 3887 495 3959 potissimum
507 3887 634 3940 lectiones
646 3891 727 3940 erunt.
763 3885 872 3950 Quidam
884 3887 954 3940 enim
966 3886 1062 3939 exiliis
1075 3887 1139 3939 meri
1151 3885 1281 3956 dogmatis
1293 3885 1412 3939 lautores
1424 3885 1494 3950 nibil,

332 3973 402 4043 quod
413 3972 446 4025 sd
456 3971 539 4024 oduino
550 3979 575 4025 et
583 3972 757 4026 substantiam
768 3972 887 4042 pertinet,
899 3987 1036 4025 commune
1048 3987 1105 4024 esee
1116 3971 1170 4024 filio
1182 3987 1242 4024 cum
1254 3977 1326 4041 patre
1338 3971 1494 4034 emeretur,

330 4058 440 4128 ideoque
450 4063 506 4110 tem
519 4055 659 4128 lpcrodoeos
671 4072 750 4127 quam
763 4055 893 4128 ipooicrco
906 4056 1084 4127 repudiabant,
1095 4072 1143 4110 nec
1152 4056 1233 4110 ullam
1243 4056 1349 4109 omnino
1359 4059 1404 4122 τῆς
1413 4055 1494 4116 ciclus

331 4144 490 4196 mentionem
508 4143 692 4206 admittebant3
710 4159 755 4213 pro
774 4159 805 4196 eo
823 4159 853 4195 ac
871 4143 987 4212 pluribus
1005 4142 1032 4196 in
1049 4142 1152 4195 illorum
1167 4141 1347 4194 conciliabulis
1361 4139 1493 4194 decretum

331 4229 416 4282 luerat
426 4230 541 4282 menime
553 4229 580 4282 iu
592 4228 707 4282 secunda
715 4225 851 4282 Sirmiensi
861 4228 986 4294 iormuls,
998 4243 1076 4297 quam
1087 4227 1141 4280 Osii
1150 4231 1176 4280 et
1184 4225 1295 4280 l‘otsmil
1303 4225 1494 4296 blssplsenn‘sm

330 4315 443 4369 Hilarius
456 4315 576 4385 appellat.
600 4313 699 4367 Horum
711 4315 841 4384 principes
853 4319 927 4366 erant
938 4313 1083 4377 Eudoxias,
1096 4312 1140 4382 qui
1149 4311 1337 4365 Antiochensm
1348 4311 1440 4365 aedem
1452 4327 1493 4365 oc·

331 4405 440 4470 cuparst
454 4399 523 4452 esui
539 4405 676 4470 petronus,
696 4399 825 4470 Georgius
843 4399 1045 4464 Alexandrinus,
1061 4397 1185 4462 Busoius,
1202 4399 1248 4467 qui
1265 4395 1419 4450 Antiochiae
1435 4403 1493 4468 pest

332 4492 512 4539 exautorstum
523 4486 657 4538 Meletinm
669 4483 794 4538 suffectus
806 4491 854 4550 est,
865 4501 913 4538 nec
925 4501 977 4538 non
990 4484 1098 4537 Acscius
1111 4481 1297 4548 Caesariensis,
1309 4481 1423 4536 Ursulus
1432 4481 1492 4552 tyri

331 4571 460 4641 episcopi,
481 4571 508 4624 in
527 4571 664 4624 Occidente
684 4585 745 4623 vero
764 4569 886 4624 Urssoins
903 4575 929 4623 et
940 4569 1047 4634 Valens,
1068 4569 1216 4623 Germinius
1236 4567 1333 4638 aliique
1352 4567 1515 4622 innumeri·

331 4654 405 4722 Quod
418 4655 487 4710 enim
496 4656 631 4708 Attianum
641 4655 776 4725 perfidiam
788 4673 847 4710 cum
855 4655 974 4710 Eudoxio
984 4655 1092 4710 Aeacius
1104 4655 1251 4725 caeterique
1261 4653 1491 4725 propugnsssriut,
