3216 5152
338 361 412 418 XLII

338 517 367 572 in
377 515 494 572 Hebraeo
505 522 546 572 est
556 519 686 581 ninom
702 519 792 586 horn,
808 517 866 573 risa
877 523 1042 585 contuentes,
1054 520 1183 585 iaeoutss,
1199 535 1262 576 aar.
1274 516 1497 575 πυιίοιιιίννπνια-

339 603 436 672 ζόμινοι
447 602 537 673 κοίτην,
549 609 701 658 somniantes
712 605 801 659 cubile.
819 603 892 670 Quae
899 611 987 660 umen
997 605 1025 660 in
1032 605 1165 660 Oanouica
1174 605 1254 661 ledae
1264 621 1318 661 non
1329 605 1503 689 reperiuntur,¹

339 692 429 742 contra
440 705 518 759 quarn
529 705 644 744 asserere
654 689 756 744 ridetm
766 690 935 762 Epiphanius.

404 773 436 829 Ν.
446 791 491 830 xv.
510 775 552 842 hisi
564 793 611 847 μου
624 774 721 848 ἅπτου]
748 774 880 845 Chrysost.
892 777 921 830 in
931 775 1021 832 loann.
1032 792 1093 831 enm
1105 793 1213 831 sensnm
1224 776 1312 832 alieri:
1329 775 1405 841 Quod
1415 776 1498 831 illaria

338 857 504 915 cumilhristo
517 860 607 916 eadem
618 875 671 932 qua
681 865 758 916 anm
768 861 944 917 familiaritsto
953 877 1011 916 seeo
1020 867 1129 933 gereret,
1140 879 1189 918 nee
1197 863 1229 916 cle
1238 879 1269 918 eo
1278 863 1364 916 maim
1374 862 1498 934 quidem

338 949 365 1001 et
380 946 517 1016 augustius
528 952 589 1018 post
599 948 812 1002 resurrectionem
823 947 942 1013 ssntiret,
959 948 992 1003 ab
1008 949 1054 1002 illo
1065 949 1129 1003 iisce
1139 949 1226 1003 verbis
1238 947 1399 1004 admonitam
1409 947 1498 1003 luisse

404 1030 435 1085 Ν.
447 1049 501 1087 xvi.
524 1031 709 1103 Ναριιςρίρουαι
721 1029 769 1104 γὰρ
786 1031 809 1086 oi
820 1031 938 1100 respici]
962 1033 1144 1088 Putidiesimao
1159 1032 1265 1088 fabulae
1280 1039 1355 1087 autor
1370 1033 1499 1088 flodoeno

337 1117 365 1171 ln
375 1115 474 1188 Phoog.
492 1116 542 1172 libi
552 1118 664 1188 primam
674 1116 744 1172 loris
754 1134 864 1172 uxorem
873 1118 956 1172 hietin
967 1119 1001 1172 ab
1013 1133 1044 1173 eo
1055 1119 1206 1173 devoratam
1216 1119 1322 1186 cocinit,
1333 1119 1501 1189 indidemque

335 1207 508 1274 propagatam
519 1201 658 1258 Palladem.
684 1203 857 1273 Apollodorus
868 1219 929 1257 vero
940 1203 985 1257 lih.
998 1222 1016 1257 r.
1032 1203 1155 1260 Biblioth
1168 1205 1250 1259 Motin
1261 1205 1300 1257 ait
1310 1203 1408 1258 Oceani
1417 1203 1502 1258 iiliarn

337 1288 394 1342 lori
405 1289 558 1342 auxiliatam
570 1303 640 1352 osse,
653 1287 812 1358 eandemque
824 1288 936 1343 Saturno
948 1289 1082 1360 potionem
1093 1289 1225 1360 quandam
1236 1290 1401 1361 propinasse,
1414 1289 1502 1360 quoia

337 1374 467 1428 exhausta
477 1373 558 1439 filios,
571 1389 636 1444 qnos
647 1373 794 1439 decorarat,
807 1391 897 1427 omnes
909 1375 1032 1430 eronrnit
1048 1374 1228 1445 Athenagoras
1237 1375 1265 1428 in
1273 1375 1363 1446 Legat.
1371 1390 1419 1445 pro
1428 1373 1502 1428 Ghri·

337 1460 428 1513 stianis
441 1443 537 1532 Orphei
546 1475 638 1514 versus
650 1459 723 1525 citat,
741 1459 835 1529 quibus
847 1459 879 1512 de
890 1457 1005 1514 Phanota
1016 1461 1114 1514 mentio
1131 1467 1184 1525 set,
1201 1476 1280 1530 quem
1296 1459 1395 1516 indicat
1405 1459 1501 1515 deindo

337 1545 425 1598 alere
436 1545 556 1598 similitor
569 1545 729 1616 absorptum.
749 1546 764 1611 ἢ
783 1544 949 1612 καταποθῆναι
966 1545 1013 1598 ὑπὸ
1031 1549 1075 1599 τοῦ
1093 1545 1164 1614 Διὸς,
1182 1543 1250 1606 ὅπως
1268 1543 1352 1606 δΖιίς
1368 1542 1503 1616 &gripum

337 1630 439 1700 γένοιτο.
467 1629 541 1694 Quod
553 1630 684 1684 Gesnerus
696 1630 822 1701 interpres
834 1630 867 1684 ad
878 1631 961 1686 hlotin
972 1631 1112 1685 transtulit
1138 1631 1236 1686 Verum
1251 1630 1284 1686 do
1297 1630 1415 1686 Phanota
1428 1631 1504 1702 loqui

336 1717 437 1771 ridetur
446 1715 638 1787 Athenagoras,
650 1732 703 1770 non
716 1715 747 1769 de
759 1716 832 1772 Meti.

403 1801 435 1855 N.
446 1819 501 1857 ω.
523 1801 598 1855 otro
610 1801 672 1872 γὰρ,
690 1799 761 1871 φασί,
778 1801 821 1868 τὴν
838 1798 1016 1872 ἂπειροίδινυν]
1049 1801 1176 1856 Fabulam
1196 1807 1285 1856 narrat
1303 1809 1332 1856 et
1351 1801 1418 1857 Ptin.
1438 1801 1457 1854 l.
1475 1818 1501 1856 x.

336 1901 391 1962 cap.
404 1905 467 1944 nxss.
485 1887 533 1944 Oui
544 1887 623 1944 fidem
634 1888 761 1958 derogant
771 1885 956 1954 Philostratus,
968 1887 1103 1942 Maximus
1114 1887 1226 1958 Tyrius,
1239 1888 1336 1958 aliique
1346 1888 1501 1960 complures

486 2041 533 2100 AD
555 2041 731 2098 moresne
752 2039 878 2111 xxvll,
907 2038 997 2105 Ques
1019 2039 1084 2096 EST
1108 2041 1347 2098 GABPOGRATIS.

402 2145 433 2201 Ν.
444 2163 471 2200 ιι.
480 2143 542 2199 “Orc
551 2139 580 2212 sle
590 2143 614 2197 ἐν
623 2149 653 2217 τῇ
662 2148 802 2216 περιφορᾷ]
821 2144 969 2198 comissum
977 2144 1142 2210 reddidimus,
1151 2151 1182 2198 nt
1188 2162 1236 2217 pro
1246 2148 1419 2216 αυμπιριρορᾷ
1427 2159 1501 2200 uam·

335 2236 419 2304 petar,
436 2248 496 2286 curn
515 2232 572 2302 quis
590 2232 693 2286 facilem
712 2247 740 2284 es
752 2231 827 2284 citeri
843 2235 870 2283 ot
882 2230 1069 2301 obsequentem
1079 2230 1194 2301 pra'ehot.
1216 2230 1286 2285 Sane
1296 2229 1394 2286 Pheod.
1408 2231 1501 2300 διαγω-

337 2321 383 2388 γῆς
395 2317 521 2371 vocabulo
534 2333 597 2372 usus
609 2323 657 2372 est
683 2316 740 2370 Nisi
756 2317 815 2386 qnia
831 2315 865 2368 ael
882 2313 1012 2386 περιφορὰν
1029 2317 1103 2370 illam
1119 2317 1227 2372 doorum
1238 2323 1264 2371 ot
1274 2317 1501 2372 chcumactionsn

335 2401 497 2458 Platonicam
508 2402 655 2472 respexisse
672 2401 853 2472 Carpocratem
864 2401 1009 2468 existimet,
1022 2401 1054 2456 de
1066 2417 1118 2473 qua
1128 2403 1155 2456 in
1166 2401 1292 2457 Phaedro.

403 2486 434 2542 N.
448 2505 486 2544 ιιι.
505 2486 671 2559 Ἐπιχιιροῦοι
683 2485 730 2556 ii]
755 2487 850 2542 Euseb.
867 2487 1049 2544 lih.rr.e.r11.
1067 2489 1158 2543 scribit
1168 2489 1351 2560 Carpocratem
1366 2488 1455 2558 palanr
1470 2503 1501 2542 ac

302 2611 309 2628 .
336 2572 394 2628 eino
404 2574 620 2644 tergiversatione
630 2571 764 2627 maleficas
775 2577 843 2626 artes
858 2587 920 2643 pres
938 2589 967 2626 se
982 2574 1083 2629 inlisas.
1108 2572 1139 2626 Oi
1156 2573 1197 2626 sal
1212 2579 1256 2626 τοῦ
1273 2574 1385 2644 Σίμωνος
1402 2571 1453 2644 οὐχ
1468 2570 1502 2635 ὡς

337 2657 426 2720 latites
438 2659 553 2730 κρύβδην,
571 2655 627 2711 ἀλλ’
639 2658 686 2726 ἤδη
699 2657 740 2710 καί
752 2656 784 2718 είς
796 2656 899 2728 φανερὸν
911 2654 953 2722 τὰς
966 2658 1066 2730 μαγιίας
1078 2659 1240 2729 παραδιδόναι
1250 2657 1340 2729 ἠξίουν,
1358 2655 1392 2720 ὥς
1409 2657 1448 2711 ieri
1460 2677 1502 2730 pa-

336 2742 423 2818 γίλοις
441 2744 472 2813 δὴ
493 2744 625 2816 μονονουχὶ
643 2744 814 2815 σεμνυνόμενοι
831 2745 883 2805 τοῖς
900 2740 963 2796 κατὰ
980 2743 1115 2816 περιεργίαν
1133 2744 1194 2814 πρὸς
1211 2743 1292 2796 αὐτῶν
1310 2742 1502 2816 ἐπιτελουμένοις

336 2830 457 2904 φίλτροις,
476 2828 664 2902 ίνειροπομποῑς
675 2847 701 2882 rs
712 2828 754 2881 rel
765 2827 894 2901 παρίδροις
906 2829 953 2883 τισί
966 2829 1077 2902 δαίμοσι,
1093 2829 1133 2882 καί
1150 2825 1236 2892 ἄλλοις
1249 2827 1423 2902 ίμαιοτρόποις
1434 2829 1503 2901 αἰγυ-

335 2919 399 2990 patr.
417 2917 515 2972 lisdem
526 2914 605 2970 habet
615 2915 745 2970 irenaeus.

403 3001 457 3056 Εἰσί
476 3001 503 3055 il
520 3000 546 3054 ts
564 3006 608 3054 τοῦ
626 3001 745 3070 Σατανᾶ]
773 2999 944 3055 Perditissimi
959 2999 1149 3056 haeretieorum
1167 2999 1297 3070 Gnostici;
1318 3001 1503 3057 Gnosticorum

337 3087 533 3161 Carpocratieni
544 3089 656 3153 luerunt,
668 3093 697 3140 nt
709 3087 755 3159 qni
766 3086 917 3158 turpissima
927 3103 1046 3157 quaequs
1057 3085 1159 3157 flagitia
1169 3089 1360 3142 committentes
1370 3088 1437 3142 adso
1449 3107 1503 3143 non

338 3175 531 3241 erubescerent,
548 3181 578 3228 ut
594 3174 673 3228 etiam
689 3173 826 3244 glorianda
842 3187 873 3225 ae
889 3187 951 3242 pras
963 3189 992 3225 so
1003 3171 1123 3226 habenda
1133 3178 1263 3244 putarent.
1290 3175 1350 3229 Ideo
1361 3173 1394 3228 do
1406 3173 1502 3246 Carpo·

336 3261 458 3316 cretionis
476 3261 630 3315 nominatim
648 3258 807 3314 otlrenaons
819 3257 987 3314 stillarum.
999 3257 1095 3312 Strom,
1113 3243 1140 3312 'ss
1155 3258 1285 3314 Eusebius
1301 3267 1328 3313 et
1339 3259 1502 3331 Epiphanius

336 3347 432 3417 aliique
444 3347 574 3410 scribunt,
587 3361 717 3400 summam
729 3345 762 3398 ad
774 3341 916 3398 Christiani
926 3343 1039 3397 nominis
1051 3343 1187 3398 Manciam
1198 3361 1229 3399 ac
1239 3345 1351 3400 slsdoous
1362 3363 1410 3400 eos
1421 3363 1437 3399 a
1449 3347 1501 3399 ‹lia-

336 3433 396 3487 bolo
415 3449 473 3486 esso
489 3432 641 3504 productos,
658 3437 688 3484 ut
704 3431 816 3501 gentiles
834 3446 894 3484 cnm
906 3427 1066 3482 Christianos
1084 3426 1202 3485 homines
1219 3435 1274 3485 tarn
1285 3432 1403 3502 impuros
1415 3447 1446 3486 ac
1457 3449 1501 3486 no·

335 3519 414 3572 iarios
423 3517 547 3587 viderent,
559 3516 727 3572 aOhristians
734 3516 894 3588 professione
902 3516 1005 3587 ponitus
1014 3513 1188 3572 abhorrerent.
1199 3516 1272 3571 idem
1280 3517 1380 3571 etTert
1392 3517 1500 3589 inApol.

335 3609 363 3658 st
373 3604 487 3657 Iustinus
499 3603 665 3674 scripserunt.

403 3688 434 3743 Ν.
444 3707 469 3744 r.
488 3688 534 3740 ilai
546 3690 620 3741 τοῦτό
633 3687 691 3757 irre,
704 3687 782 3758 psol]
801 3687 865 3742 Vide
877 3687 947 3742 Tert.
956 3686 975 3740 l.
986 3686 1018 3740 sle
1029 3686 1125 3740 Anima
1136 3703 1157 3742 c.
1167 3705 1246 3742 xxxv.
1264 3687 1317 3744 ssd
1326 3693 1355 3743 et
1365 3687 1502 3744 irenam

335 3777 393 3831 loco
406 3775 494 3829 citato.
512 3774 552 3828 lix
564 3791 616 3844 quo
628 3775 755 3828 nonnulla
763 3771 938 3828 Theoderetus
949 3773 1093 3838 nanstnlits
1105 3773 1133 3827 in
1145 3774 1239 3844 quihus
1251 3775 1308 3828 lero
1319 3775 1453 3845 quoddam
1463 3777 1502 3830 in·

335 3867 376 3915 ost
387 3861 525 3925 mendam,
541 3860 611 3930 quod
628 3859 710 3914 obiter
722 3875 738 3912 a
749 3859 824 3914 nohis
837 3859 1019 3929 corrigendum
1030 3863 1079 3914 est.
1110 3857 1205 3913 Scribit
1215 3859 1295 3930 igitur
1305 3859 1443 3916 Ιιυουουνι
1462 3861 1503 3913 sal

336 3945 357 3999 sl
368 3945 411 4018 μὲν
421 3944 554 4017 πράσσεται
566 3945 624 4015 παρ’
631 3943 713 4006 αὐτοῖς
725 3941 756 3996 τὰ
768 3941 835 4014 eihsa,
848 3943 888 3996 sal
900 3941 1013 4014 ίκθιομα,
1026 3943 1067 3998 καί
1078 3941 1233 4014 ἆπιιρημίνα,
1245 3942 1297 4015 ἐγὼ
1309 3944 1355 3998 οὖν
1364 3947 1394 3999 ἂν
1405 3946 1502 4000 πιστευ-

335 4049 412 4102 οαιμι.
443 4032 542 4086 Iseneei
553 4037 628 4085 retus
644 4031 770 4102 interpres
786 4028 850 4084 haec
865 4030 1010 4100 posteriora
1024 4031 1062 4083 ita
1078 4030 1117 4083 nti
1133 4029 1201 4100 apud
1212 4028 1341 4084 'Phocion
1358 4036 1451 4086 extant
1466 4033 1502 4086 lo·

336 4119 406 4189 gisae
417 4118 526 4174 ridetur.
549 4116 617 4171 liam
628 4117 705 4171 verh't
721 4135 765 4185 epo
780 4133 935 4186 usquequam
947 4119 1032 4172 credo
1054 4115 1225 4170 Scribonium
1236 4131 1297 4170 vero
1310 4113 1356 4168 eia
1368 4117 1398 4170 is
1409 4117 1501 4170 πισιιίν-

337 4222 417 4274 ααιμι,
430 4207 564 4274 affirmare
575 4221 624 4256 noe
635 4207 725 4256 ausim.

404 4288 435 4342 Ν.
447 4307 481 4343 vr.
499 4287 542 4341 Ἐν
547 4287 633 4359 Ῥώμῃ
641 4286 688 4360 γὰρ
694 4286 838 4358 perorare}
855 4287 1034 4342 Romanorum
1044 4286 1210 4358 pontificum,
1223 4287 1268 4358 qni
1279 4287 1379 4342 aPotro
1387 4289 1502 4360 proximi

335 4374 453 4440 inerunt,
469 4377 629 4446 perobscura
646 4375 727 4428 serios
745 4379 796 4440 est,
814 4373 935 4444 varieque
953 4373 1108 4443 scriptorum
1127 4373 1247 4444 opinions
1264 4373 1367 4427 iactata.
1396 4373 1436 4428 Do
1451 4389 1502 4446 qna

337 4477 395 4514 cnm
407 4465 463 4513 tem
473 4461 585 4530 insignis
594 4459 732 4532 Epiphanil
744 4461 817 4513 locus
830 4460 878 4512 isto
891 4459 936 4524 sit,
948 4474 1034 4530 pauca
1044 4458 1078 4511 ad
1091 4475 1151 4512 eurn
1163 4460 1250 4530 ipsum
1260 4459 1445 4514 illustrandum
1455 4477 1501 4514 ex·

336 4544 456 4616 plicando
467 4545 595 4599 ridentur.
611 4547 649 4599 hc
660 4547 800 4618 praecipua
812 4545 916 4614 quidem
927 4543 959 4598 de
969 4543 1029 4599 Lini
1040 4559 1071 4597 ac
1083 4544 1149 4598 (ileti
1159 4543 1312 4616 pontificatu
1324 4545 1502 4600 controversia

336 4632 460 4687 nascitur.
488 4630 559 4695 Quos
571 4631 687 4703 plerique
698 4645 751 4687 non
762 4629 832 4686 Petri
842 4645 1005 4690 successoros
1017 4645 1066 4686 nec
1074 4629 1218 4686 ordinarios
1226 4630 1372 4701 pontifices,
1384 4629 1432 4686 ssd
1440 4629 1501 4688 eho
