3274 5154
337 377 425 438 ouon

336 533 417 592 nebat.
440 533 518 602 Atqui
534 532 590 588 sine
607 549 667 588 uero
684 531 813 602 baptismo
825 531 987 588 Christisnus
1002 550 1059 588 esse
1073 550 1150 590 nemo
1162 537 1256 604 potest.
1290 531 1326 586 Ut
1342 538 1433 588 mrem
1450 532 1494 602 qui

337 617 497 675 Christianus
509 635 562 672 non
574 618 622 682 sit,
637 619 708 688 pacis
725 633 755 670 ac
771 617 923 674 concordiae
934 620 1021 690 gratis
1031 619 1098 677 inter
1109 617 1268 675 Christianos
1279 617 1407 674 messem
1417 618 1494 688 eique

337 703 370 758 sd
379 701 468 758 divina
479 703 602 772 mysteria
613 703 773 772 permittatur
784 702 882 767 aditus,
899 703 968 772 qnod
984 705 1011 757 in
1023 704 1161 758 unarum
1172 705 1296 774 aliisque,
1314 719 1381 772 quos
1396 703 1495 772 alioqui
1609 713 1610 716 ’

335 787 532 858 rebaptizandos
543 804 601 844 esse
612 792 749 852 statuerat,
765 787 810 840 sed
823 793 853 842 nt
863 805 916 842 non
927 788 1000 844 heret
1010 791 1081 858 pacis
1093 805 1187 844 causes
1197 790 1345 852 remiserat,
1361 795 1494 859 praestan·

336 873 399 928 dnm
409 889 466 928 esse
478 873 569 932 eudem
580 873 608 928 in
619 888 717 926 canone
728 872 850 926 decernit.
878 873 944 938 ldec,
956 875 1077 944 inquam,
1089 875 1122 928 ab
1134 875 1258 928 ecclesius
1270 890 1319 930 usu
1335 891 1366 928 sc
1377 874 1494 928 moribus
1609 903 1610 930 ι

336 965 362 1012 οι
372 975 388 1012 s
399 957 505 1014 Niossni
520 959 623 1013 concilii
639 959 799 1028 aliorumque
810 964 927 1012 soterum
938 960 1115 1014 sanctionibus
1127 958 1254 1016 abhorret
1288 959 1440 1023 Quinetiam
1452 960 1494 1012 bs

334 1045 460 1114 ptisnnunr
477 1061 494 1097 a
507 1044 581 1098 laicis
597 1043 719 1098 collatum
730 1043 831 1098 irritum
843 1059 873 1096 ac
884 1045 985 1098 nullum
998 1061 1055 1098 csse
1066 1044 1180 1100 Basilius
1191 1045 1261 1100 idem
1272 1046 1413 1098 arbitratus
1424 1045 1494 1098 vids·
1609 1091 1610 1094 ,

335 1134 386 1194 tur,
402 1146 462 1184 cnm
479 1145 512 1184 ex
529 1128 662 1198 Cypriani,
678 1127 821 1182 Firmilisni
837 1129 998 1200 aliorumque
1012 1131 1139 1184 scntsntis
1154 1131 1297 1200 baptizatos
1312 1130 1346 1182 cb
1361 1128 1494 1184 haeriticis

335 1213 440 1284 periodo
456 1212 563 1284 ἀληθινῷ
575 1214 707 1284 Ιιιιιινιιιιιιο
719 1213 864 1286 expiandos
879 1231 936 1268 esse
953 1215 1023 1280 dicit,
1040 1231 1070 1270 sc
1088 1216 1110 1274 si
1127 1216 1161 1268 sb
1177 1216 1251 1270 laicis
1267 1215 1294 1268 id
1311 1215 1495 1270 obtinuissent.

335 1298 415 1366 Quasi
425 1299 550 1354 laicorum
561 1299 705 1369 baptismus
713 1291 828 1364 ’ἀληθινὸς
840 1317 893 1354 non
904 1305 982 1358 esset.
1001 1299 1075 1364 Quod
1086 1317 1162 1354 secus
1172 1317 1200 1354 se
1212 1299 1302 1364 babet,
1314 1305 1344 1352 nt
1354 1301 1424 1354 inter
1438 1315 1494 1354 cas·

334 1389 403 1440 teroa
420 1384 726 1453 lugundunensem
740 1384 821 1454 llpist.
834 1384 918 1442 Porus
931 1402 987 1456 cap.
999 1403 1056 1442 rur.
1068 1385 1187 1440 dsohrat.
1211 1385 1325 1440 Tametsi
1337 1385 1434 1440 sedem
1450 1385 1494 1440 illo

333 1469 391 1525 loco
401 1469 516 1536 dubitat,
527 1475 614 1526 utrum
625 1469 658 1522 ab
670 1486 700 1524 eo
712 1470 758 1539 qni
768 1485 903 1539 nunquam
916 1469 1078 1527 Christianus
1090 1470 1168 1526 inerit
1179 1471 1325 1542 baptismus
1336 1471 1423 1540 possit
1435 1487 1494 1524 con·

333 1554 406 1612 farri:
429 1553 466 1608 Et
475 1554 540 1608 dccc
551 1556 648 1624 quidem
661 1557 716 1608 alic
727 1560 840 1624 quaestio
852 1565 901 1620 cst,
917 1560 1008 1624 inquit,
1025 1565 1107 1608 cirum
1124 1565 1149 1608 ct
1159 1556 1192 1608 cd
1204 1559 1238 1608 ιιι
1249 1563 1292 1624 qur·
1303 1559 1492 1624 murmurosos·

333 1644 387 1694 edat
398 1639 541 1694 Christiani
546 1643 629 1709 possit
639 1640 778 1710 baptismus
789 1642 857 1694 doci.
892 1639 949 1694 Nec
967 1642 1067 1710 reliquid
1083 1642 1493 1710 indetemcrcoffimcsdssscst,
1609 1709 1610 1712 Ἴ

334 1730 388 1782 sine
399 1729 535 1780 meritare
546 1729 614 1778 tosti
624 1727 737 1789 concilii,
750 1734 867 1793 quacum
879 1736 967 1778 turstcs
978 1730 1017 1778 rei
1027 1727 1122 1794 snsjicr't
1154 1725 1206 1778 Sed
1223 1725 1319 1780 mirum
1331 1731 1373 1778 est
1384 1725 1492 1794 quodin

334 1810 446 1868 ulteris.
458 1810 568 1866 concilio
580 1809 642 1864 Cau.
652 1827 762 1866 rxrurrr.
774 1812 901 1866 sarncitur:
939 1811 971 1864 Ut
984 1829 1093 1881 perepre
1105 1815 1256 1880 conduentes
1266 1815 1398 1878 torquente
1410 1827 1493 1862 escu-
1609 1829 1610 1898 ι

333 1900 409 1950 alote
421 1916 439 1948 ιι
449 1913 598 1966 quocumque
604 1897 690 1965 fideli,
703 1899 745 1964 qas'
756 1914 804 1950 nco
814 1899 849 1948 ιιι
858 1897 986 1964 bipartitis,
998 1897 1242 1966 duptiaompossiot.
1274 1895 1379 1966 Ergone
1391 1912 1408 1948 a
1420 1896 1493 1965 biga·

334 1981 385 2036 nnis
397 1980 521 2051 baptizari
532 1981 559 2034 in
570 1984 643 2034 tanta
653 1980 807 2042 necessitate
818 1997 872 2037 non
882 1981 971 2034 licuit?

400 2065 433 2122 N.
445 2083 510 2122 nuto.
527 2065 572 2120 list
589 2064 734 2132 nusquitan,
748 2063 800 2134 psr'
816 2064 916 2133 adscire]
940 2065 995 2120 dot
1004 2085 1031 2132 1.,
1042 2066 1067 2120 4.
1079 2065 1119 2120 ssi
1130 2065 1317 2136 συναλιζόμενος
1329 2065 1492 2136 παρήγγιὼν

335 2149 417 2212 adroic
428 2157 477 2206 etc.
496 2151 546 2206 Pro
559 2167 609 2220 quo
620 2151 716 2220 legisse
727 2150 827 2204 ridetur
837 2149 1011 2221 Epiphanius,
1023 2151 1063 2204 soi
1075 2151 1284 2221 σιναυλιζιμινος.
1304 2150 1372 2206 Nem
1383 2152 1411 2204 in
1423 2153 1492 2206 Ans·
1609 2157 1610 2226 J

250 2283 255 2294 .
304 2281 309 2295 .
333 2235 495 2308 nephtlasosi
509 2252 571 2307 pag.
585 2235 640 2291 137.
656 2236 725 2290 idem
738 2235 894 2290 vocabulum
911 2241 1032 2308 usurpat:
1054 2235 1101 2288 liet
1118 2235 1319 2306 ιιννιινλιζόμινος
1337 2235 1366 2288 ud
1385 2236 1491 2301 δοκήσει,
1609 2231 1610 2240 ’

334 2319 390 2374 ἀλλ’
402 2321 526 2392 metris.
549 2320 703 2391 Quanquam
713 2321 758 2374 lib.
768 2339 785 2376 ι.
796 2320 900 2374 Pacarii
911 2337 971 2392 psg.
980 2321 1022 2378 50.
1035 2321 1103 2376 unde
1114 2322 1200 2376 locum
1210 2323 1284 2378 illum
1300 2323 1328 2375 in
1339 2319 1491 2391 dnampbs·

333 2407 433 2464 lucain
452 2407 594 2472 transtulit,
613 2423 777 2460 communem
796 2407 935 2463 lectlonem
951 2409 1091 2477 expressit:
1109 2406 1149 2461 scd
1167 2406 1319 2468 ιιινιλιϊιτιιι
1335 2405 1365 2461 od
1384 2405 1491 2473 δοκήσει,

333 2490 390 2545 ἀλλ’
403 2489 509 2562 ἀληθείᾳ.
526 2492 641 2548 Verbum
652 2490 819 2554 συναλίζεσθαι
830 2492 939 2546 eandem
946 2493 1000 2546 lere
1009 2497 1165 2564 potestatem
1175 2491 1265 2558 habet,
1276 2508 1357 2562 quam
1367 2495 1406 2560 τῷ
1418 2509 1492 2544 coss-
1609 2487 1610 2536 t

334 2576 441 2640 λιζισθαι
458 2577 563 2646 quidum
580 2577 737 2642 attribuunt,
754 2577 877 2632 nimirum
894 2581 1096 2631 conveniremus
1107 2579 1204 2646 utiquc,
1221 2581 1382 2645 concrepari.
1405 2577 1492 2646 Atque
1609 2633 1610 2638 ,

333 2663 370 2716 its
385 2663 524 2716 nonnullos
539 2662 626 2731 legere
640 2661 712 2714 Beda
726 2667 843 2716 testatur.
865 2663 899 2716 dt
909 2664 1034 2734 interpres
1045 2668 1133 2716 nostm
1145 2661 1330 2731 συναλιζόμενος
1343 2663 1420 2716 restit
1432 2680 1490 2716 cos·

333 2766 442 2804 cracem.
472 2747 528 2814 Quo
540 2763 619 2802 sensu
631 2745 830 2817 chrysostomus
842 2749 952 2817 accepit,
964 2754 991 2802 et
1001 2746 1220 2818 Theopbyluctna,
1231 2753 1261 2802 ut
1271 2748 1339 2802 idem
1352 2749 1387 2801 sit
1397 2765 1430 2802 ac
1442 2749 1490 2800 τῶν

334 2833 401 2888 ἁλῶν
410 2834 450 2886 και
459 2832 579 2904 τραπέζης
590 2831 708 2904 μετέχειν.
725 2831 778 2886 Sed
788 2839 813 2886 ct
821 2833 994 2902 hieronymus
1002 2833 1084 2904 Epist.
1091 2849 1133 2888 on.
1142 2833 1174 2886 ad
1184 2833 1328 2898 Hedibism,
1338 2831 1491 2896 Quaestus.

334 2937 480 2974 convescens
490 2919 562 2990 legit.

400 3004 431 3060 N.
443 3023 498 3060 ιιι.
517 3003 574 3075 llspl
587 3004 681 3074 θεσμῶν
693 3001 720 3056 δι
732 3006 773 3070 τῆς
785 3002 881 3072 αὐτῆς]
897 3003 1011 3074 Egregie
1022 3003 1143 3075 deinceps
1153 3021 1185 3058 sc
1195 3005 1336 3074 singulsris
1347 3005 1490 3074 disputatio

332 3091 448 3162 sequitur
460 3090 490 3146 dc
501 3089 646 3160 praecipuis
664 3089 788 3144 ecclesiae
803 3089 908 3154 ritibus,
923 3105 1001 3159 quem
1016 3090 1088 3144 uolut
1103 3089 1277 3144 characterem
1292 3105 1322 3142 ae
1339 3097 1430 3142 nomm
1445 3090 1489 3142 ad·
1539 3121 1543 3128 ·

332 3176 416 3241 hibet,
433 3192 485 3245 qno
502 3175 536 3228 ab
553 3174 704 3229 adulterinis
722 3174 906 3228 conventiculis
924 3173 1049 3228 catholice
1064 3175 1175 3228 ecclesia
1185 3175 1354 3244 dignoscitur.
1389 3173 1489 3238 Quibus

332 3279 381 3315 nos
396 3261 556 3331 argumentis
571 3275 602 3312 cc
618 3260 701 3329 signis
718 3259 822 3329 perinde
836 3259 885 3312 hoc
897 3265 1012 3330 tempore
1024 3275 1112 3314 seram
1123 3276 1154 3314 ac
1165 3259 1312 3314 Romanum
1323 3259 1462 3314 ecclesiam
1473 3275 1489 3310 a

332 3346 404 3400 foece
420 3346 620 3400 novissimarum
637 3343 778 3398 hereseon
794 3345 961 3400 secernimus.
983 3345 1050 3400 Nam
1061 3346 1178 3416 plerique
1189 3361 1280 3398 omnes
1291 3345 1330 3398 illi
1341 3347 1436 3398 ueteris
1448 3361 1488 3398 ec-

332 3431 425 3486 clcsiae
436 3447 521 3486 mores
533 3430 561 3486 in
571 3429 704 3485 Romanos
716 3447 765 3484 usn
776 3446 807 3482 ac
819 3430 1004 3484 consuetudine
1015 3431 1172 3486 resederunt.
1206 3429 1332 3494 Quocirca
1349 3431 1428 3500 pauci
1442 3430 1487 3494 illi,

332 3518 378 3588 qui
388 3521 543 3587 supersunt,
552 3516 653 3570 numeri
662 3531 760 3586 magno
772 3514 905 3570 catholicis
918 3516 1038 3570 omnibus
1051 3516 1109 3570 ueni
1120 3533 1177 3570 esse
1188 3521 1310 3586 possunt,
1321 3521 1352 3568 nt
1362 3515 1487 3570 adversm

330 3619 456 3658 nouorum
468 3600 603 3658 hominnm
616 3601 747 3656 insaniam
762 3607 840 3670 nique
852 3601 981 3654 inscitiam
993 3607 1164 3671 opponantur.
1186 3602 1224 3656 Ac
1236 3601 1259 3654 si
1270 3600 1301 3654 do
1313 3600 1424 3669 singulis
1435 3601 1487 3654 illis

329 3688 421 3745 ritibus
430 3687 507 3756 psnlo
518 3687 664 3742 amaracina
673 3685 844 3740 uerbsdscere
854 3686 954 3750 sedem,
965 3686 1116 3755 ingentibus
1127 3685 1319 3740 commentariis
1330 3702 1398 3756 opus
1408 3693 1483 3740 osec

330 3771 368 3828 hle
379 3770 445 3826 nihil
456 3788 516 3826 sero
527 3771 625 3836 dicam,
638 3772 777 3842 prescipna
788 3771 916 3840 quaedum
928 3787 961 3826 ex
972 3771 1004 3824 iis
1016 3771 1096 3824 libere
1107 3771 1205 3840 placuit
1216 3787 1282 3840 quae
1292 3771 1320 3824 in
1332 3770 1487 3824 sdrmmhs

329 3859 439 3922 matris,
456 3857 563 3926 proinde
580 3861 610 3910 nt
626 3861 743 3912 autorem
756 3871 883 3926 quamque
899 3857 927 3910 in
944 3872 1037 3910 manua
1055 3871 1187 3926 ceperam,
1205 3856 1351 3925 promiscuo
1364 3855 1487 3910 ndnnmta

329 3943 420 4016 reperi

496 4163 541 4219 llll
555 4161 742 4220 versemus
760 4161 959 4228 QUIBUSDAM
975 4161 1156 4218 nccnnslnn
1174 4161 1317 4216 RITIBUS.

396 4285 441 4338 lint
454 4287 551 4356 πρῶτον
563 4284 606 4356 μιν
619 4284 725 4356 κρηπίς]
741 4285 856 4338 Primum
867 4285 990 4338 ecclesiae
1001 4283 1094 4338 veteris
1105 4284 1266 4348 institutum,
1277 4281 1347 4352 quod
1358 4281 1483 4352 hodieque

328 4373 356 4426 in
364 4371 484 4426 Romana
491 4371 621 4435 retinetur,
632 4371 659 4424 in
672 4369 799 4440 graduum
811 4370 981 4439 ordinumque
989 4369 1136 4424 discrimine
1147 4369 1261 4438 positum
1273 4373 1320 4420 est
1338 4366 1404 4420 Nam
1413 4367 1483 4436 prin·

329 4473 389 4526 ceps
401 4457 517 4510 emnium
532 4472 562 4510 uc
573 4455 812 4528 praestantissimus
826 4459 867 4508 est
877 4455 1008 4524 virginum
1025 4455 1101 4520 crdo,
1119 4455 1164 4523 qui
1179 4455 1206 4506 in
1223 4459 1333 4523 unoque
1348 4469 1413 4506 seru
1427 4468 1483 4506 ccr-

328 4543 407 4606 uitur,
417 4557 529 4612 quocum
539 4541 713 4596 monasticum
721 4541 789 4594 sitae
797 4555 882 4610 genus
891 4540 1063 4610 coniungitur.
1092 4538 1230 4592 Proximus
1240 4537 1300 4594 hnic
1310 4537 1483 4593 condomus·

328 4626 426 4698 gindus
435 4633 488 4689 ost,
500 4631 556 4680 tum
567 4625 691 4692 siduitss,
703 4643 734 4680 sc
745 4633 876 4696 postremo
887 4626 945 4680 loco
957 4625 1114 4695 coniugium.
