3216 5152
295 393 413 452 XXXIV

295 557 345 608 tur.
373 552 408 604 ht
417 549 575 605 limenorum
594 548 729 621 proprium
749 547 798 602 hoc
815 546 878 612 init,
891 547 990 602 oriente
1007 545 1062 600 sols
1077 561 1167 618 preces
1186 545 1302 602 landem
1335 544 1453 600 Alterum

296 643 349 702 est,
367 637 436 707 qnod
453 635 529 690 Elxai
545 637 671 706 impostor
686 634 742 700 ille,
759 634 804 705 qui
819 633 853 686 sd
869 633 984 688 Ossenes
1001 633 1115 698 transiit,
1137 631 1253 686 hissenus
1270 631 1356 684 fuerit.
1383 629 1455 684 Nihil

297 723 366 776 enim
382 722 452 776 aliud
464 727 504 774 est
521 714 607 782 Ἐλξαί
623 718 727 791 quami
745 716 873 788 Ἐσσαῖος,
895 723 984 782 baton
1002 689 1063 793 brt,
1080 723 1110 770 nt
1125 717 1153 771 id
1169 723 1255 771 sectae
1270 733 1324 770 non
1340 715 1455 770 hominis

295 807 429 878 proprium
447 807 568 860 extiterit
599 805 650 859 Sed
665 821 699 858 ea
715 805 842 874 Scaligeri
859 805 1007 857 coniectura
1023 809 1131 856 eatenus
1148 818 1164 855 a
1179 802 1256 856 nobis
1272 801 1408 873 probatur,
1423 805 1455 854 ut

295 891 359 946 nihil
370 907 449 963 supra
461 893 636 946 coniecturam
652 907 682 944 ac
694 890 855 960 probabilem
867 889 1014 960 opinionem
1031 887 1133 943 habeat
1161 887 1194 941 Et
1209 886 1314 958 quidem
1329 903 1389 940 cum
1403 885 1456 938 tria

295 977 364 1048 apud
379 977 487 1030 ludaeos
511 975 718 1030 antechristum
737 980 865 1028 sectarum
886 975 972 1046 capita
991 973 1099 1038 fuerint,
1119 972 1328 1037 Pharisaeorum,
1353 969 1456 1024 Saddu-

295 1079 417 1116 caeorum
435 1067 461 1115 et
472 1060 641 1126 Essenomm,
658 1067 772 1115 caeterae
785 1076 887 1124 omnes,
904 1076 970 1129 qnae
981 1059 1014 1112 ab
1026 1057 1170 1130 Epiphanio
1187 1058 1230 1112 rel
1240 1058 1298 1110 aliis
1308 1071 1456 1111 momoran-

294 1153 351 1214 tur,
368 1147 488 1202 haeresss
505 1145 536 1200 ad
547 1147 650 1201 illarum
662 1146 811 1216 quampiam
822 1146 915 1199 merito
930 1151 1083 1198 revocantur
1093 1161 1109 1197 a
1120 1159 1173 1215 qna
1182 1143 1256 1196 initio
1266 1140 1454 1213 profluxerunt.

296 1233 452 1303 Quanquam
468 1233 594 1303 paulatim
610 1232 685 1286 novis
703 1231 736 1284 ad
752 1231 900 1284 institutum
910 1229 1003 1284 ritibus
1015 1245 1045 1282 ac
1057 1229 1223 1300 dogmatibus
1234 1227 1395 1292 adficiendis,
1407 1232 1455 1280 aut

296 1325 387 1372 contra
403 1318 534 1372 veteribus
550 1315 708 1382 reiiciendis,
725 1317 838 1370 multum
854 1332 871 1368 a
887 1313 971 1385 priore
987 1315 1072 1368 forma
1088 1313 1247 1370 deflexerint
1279 1313 1455 1379 Quamobrem

294 1405 327 1459 ab
338 1405 445 1458 Essenis
457 1403 570 1456 Osaenos
587 1403 650 1456 istos
667 1417 787 1456 manasse
803 1400 925 1454 credibile
942 1405 995 1465 est;
1011 1400 1115 1454 tametsi
1129 1400 1242 1470 plurima
1257 1400 1309 1454 illis
1324 1401 1455 1454 contraria

294 1489 421 1560 dogmata
432 1488 525 1542 Osseni
535 1488 700 1558 postmodum
712 1486 900 1550 adsunxerint,
911 1485 981 1554 quod
992 1501 1025 1538 ex
1037 1483 1128 1556 Epipb.
1140 1491 1259 1540 constare
1268 1489 1365 1557 potest.

364 1571 503 1644 Ὠρμηνται
515 1572 541 1625 δὲ
553 1565 640 1641 οὗτοι]
670 1572 742 1626 Unde
754 1577 780 1626 et
791 1572 926 1642 Sampsaoi
942 1571 1059 1641 proiecti.
1085 1569 1135 1634 Qui
1144 1571 1210 1624 meri
1218 1577 1281 1625 sunt
1290 1570 1392 1636 Osseui,
1402 1569 1455 1624 nial

295 1659 364 1731 quod
376 1659 408 1712 ad
420 1673 585 1712 communem
601 1658 809 1729 superstitionem
825 1662 966 1726 utcumque
983 1653 1123 1710 Christiani
1137 1656 1251 1710 nominis
1265 1656 1455 1728 professionem

294 1744 475 1799 adiunxerant
503 1744 602 1797 Xomm
618 1744 698 1814 igitur
713 1742 872 1798 domicilium
882 1741 910 1794 in
920 1741 1018 1795 Peraea
1027 1741 1089 1806 init,
1105 1747 1135 1795 nt
1150 1740 1251 1795 haeresi
1262 1759 1318 1796 ιιιι.
1329 1742 1455 1812 scriptum

298 1835 350 1894 est;
367 1829 442 1901 πίραν
458 1831 500 1896 τῆς
517 1827 634 1898 Ἀλνιιῆς,
650 1828 705 1896 ἦτοι
721 1827 813 1897 Νεκρᾶς
830 1826 981 1896 καλουμένης
998 1824 1134 1896 θαλάσσης,
1150 1824 1175 1878 ἐν
1186 1829 1216 1893 τῆ
1227 1825 1364 1896 Μωαβίτιδι
1380 1825 1456 1897 χώρᾳ

294 1915 348 1986 περί
359 1914 403 1982 τὴν
415 1911 563 1985 χειμαρροῦν
580 1911 673 1984 Ἀρνῶν
690 1912 730 1965 καί
745 1910 866 1981 ἐπίκοινα,
884 1909 949 1982 dvo-‚li
965 1909 1074 1982 ’ίτοορέα
1089 1911 1129 1964 καί
1140 1911 1280 1981 Ναβατιίδι.
1305 1912 1347 1966 Ex
1357 1911 1454 1982 quibas

293 2001 411 2054 fortassis
424 1999 584 2054 emendanda
595 2015 648 2053 vox
659 1999 701 2065 τῆς
713 1995 889 2070 Ἀρηὶλίτιδος,
907 2013 973 2066 quse
988 1996 1038 2051 hoc
1050 1999 1107 2053 loce
1118 1999 1227 2068 legitur,
1245 2014 1311 2068 quae
1321 2013 1455 2068 nusquam

293 2087 431 2156 reperitur,
447 2100 546 2156 proque
557 2100 589 2138 ea
600 2083 808 2138 substituendum
820 2080 992 2152 Ἀρωηρίτιδος
1009 2083 1043 2138 ab
1055 2084 1148 2148 Aroes,
1166 2099 1232 2154 ques
1247 2090 1275 2138 et
1289 2084 1326 2138 Ar
1335 2087 1454 2149 iocatur,

292 2171 467 2226 Moabitarum
479 2172 542 2224 urbe
553 2169 777 2240 frequentissima,
790 2183 856 2238 quae
869 2167 975 2224 Graecis
987 2175 1028 2222 est
1038 2167 1192 2238 Ἀρεόιιολις,
1209 2168 1242 2223 ad
1252 2173 1393 2222 torrentem
1404 2169 1454 2222 hr-

292 2273 369 2322 nom,
385 2263 415 2310 nt
431 2256 465 2309 ad
481 2273 503 2310 c.
517 2273 563 2309 ιιι.
580 2255 656 2310 Iosne
667 2255 767 2309 Masius
779 2255 906 2310 observat.
933 2253 1076 2308 Possumus
1088 2259 1115 2309 et
1124 2251 1290 2324 Ἀρνσννίτιδος
1302 2271 1319 2308 a
1330 2253 1454 2310 inuentis

293 2342 398 2396 nomine
409 2341 536 2412 suspicari
546 2341 679 2412 scripturn.

365 2427 445 2478 Τοίτο
458 2424 484 2478 δὲ
495 2425 524 2477 ab
537 2425 606 2496 γένος
618 2427 667 2476 τῶν
679 2423 827 2492 Ὀσαηνῶν.]
851 2424 931 2489 Quasi
942 2440 959 2478 a
969 2425 1047 2479 verbe
1060 2427 1126 2524 'W
1137 2425 1281 2496 proiectum
1291 2425 1333 2490 sil,
1342 2424 1413 2495 qued
1423 2425 1453 2480 in

293 2513 422 2568 Arnmaea
429 2512 619 2580 linguosortem
629 2528 680 2563 esso
690 2511 731 2562 sel
743 2511 866 2563 roboare
875 2509 1017 2581 significat,
1029 2511 1075 2564 alis
1085 2511 1118 2566 ab
1126 2511 1243 2565 Hebraeo
1254 2517 1304 2575 it?
1313 2511 1453 2566 deducunt.

294 2597 412 2666 Scaliger
420 2612 473 2648 nou
482 2595 582 2650 dubitet
590 2595 653 2664 quin
661 2592 790 2664 Ὀσσανος,
799 2599 828 2648 nt
836 2593 954 2662 Ἐσσηνος
964 2592 1026 2647 κατὰ
1035 2595 1187 2666 παραγωγὴν
1196 2601 1351 2668 conceptum
1359 2597 1395 2650 sit
1402 2593 1452 2648 drab

205 2693 267 2746 pse.
292 2685 337 2734 τοῦ
348 2687 452 2747 bnon,
466 2685 497 2752 nt
511 2681 580 2734 idem
596 2680 631 2734 sit
645 2677 762 2740 Ὀσοαῖος
778 2685 804 2733 et
818 2678 946 2746 Ὀσσηνός.
976 2680 1044 2734 Nem
1060 2680 1186 2735 eiusmodi
1202 2682 1398 2752 patronymioas
1412 2682 1453 2735 in-

292 2767 419 2822 flexiones
435 2767 463 2820 in
478 2765 535 2831 ηνος
546 2765 661 2820 Arabum
677 2769 703 2818 et
713 2765 868 2820 Asianorum
885 2767 1003 2836 propriae
1014 2772 1087 2832 sunt,
1103 2772 1134 2820 ut
1148 2767 1218 2820 idem
1229 2783 1262 2822 ex
1274 2765 1407 2838 Stephano
1423 2767 1453 2821 in

292 2850 428 2923 Ἀβσσηνος
439 2850 527 2916 docet,
539 2867 599 2904 cunr
610 2850 738 2923 Europaei
749 2851 823 2906 ahter
832 2851 953 2907 forment.

362 2935 475 3006 Σνιοίφίίνι
493 2935 520 2989 δὲ
531 2936 625 2997 τούτοις
638 2935 782 3006 μετέπειτα]
798 2935 850 2990 'De
865 2936 942 2990 Elxai
956 2937 1087 3002 meminit,
1102 2943 1131 2991 ni
1147 2937 1244 2993 dictum
1260 2943 1314 3003 est,
1330 2937 1359 2992 in
1375 2937 1453 2992 sm-

291 3039 429 3095 psaeorum
445 3021 553 3076 haeresi.
583 3021 656 3086 Quod
672 3027 757 3075 sectae
774 3039 871 3076 nomeu
882 3039 953 3089 esse,
968 3039 1021 3076 nen
1036 3021 1162 3088 hominis,
1177 3025 1311 3095 proprium
1326 3023 1454 3078 ariolatar

293 3109 419 3178 Scaliger.
438 3107 541 3162 Etenim
553 3107 679 3160 Arabicus
690 3107 814 3160 aru‘cnlus
825 3077 873 3178 §tt
886 3124 945 3162 cnm
954 3108 1126 3179 appellatione
1134 3115 1233 3174 secus,
1244 3108 1294 3164 hoc
1302 3114 1452 3176 amitten,

291 3193 407 3255 Ἐσσαῖος
418 3209 514 3248 ιιοιιισιι
524 3192 588 3246 illud
599 3193 699 3263 peperit
709 3160 859 3265 *teon-§tt
871 3190 997 3263 Ἐλξαῖος,
1009 3190 1023 3245 ὁ
1040 3191 1163 3256 Ἐσσαῖος.
1192 3194 1249 3259 Qua
1259 3196 1339 3249 etism
1348 3196 1453 3250 ratione

292 3279 408 3334 eiusdem
419 3278 498 3332 irater
509 3275 608 3339 Ἰιξαῖος
619 3295 666 3348 pro
678 3275 774 3339 Ἒξαῑος
791 3279 825 3332 ab
836 3278 980 3349 Epiphanio
996 3285 1171 3350 nuncupatur,
1186 3281 1254 3334 deut
1269 3279 1387 3342 Ἰεσσαῖος
1402 3297 1452 3352 pro

291 3362 417 3424 Ἐσσαῖος.
447 3363 500 3418 Sed
511 3363 575 3416 haec
586 3379 659 3416 mera
669 3363 795 3433 Scaligeri
806 3363 929 3418 diuinatio
941 3369 989 3418 est.

358 3447 438 3509 Ἀλας
455 3447 591 3518 παίίίδιορ,
608 3448 648 3500 καί
664 3451 722 3518 γῆν,
743 3449 784 3502 καί
801 3446 895 3519 ἄρασα]
932 3448 1021 3520 Frigel
1035 3450 1162 3522 scaligeri
1175 3451 1336 3518 coniectura,
1355 3452 1403 3522 qai
1422 3453 1451 3507 in

290 3533 558 3590 Elencbo'lrihaeresii
566 3549 622 3604 cap.
631 3551 712 3588 uvir.
724 3535 933 3605 superstitiosum
941 3535 1100 3590 Ossonorum
1110 3537 1290 3592 iusiurandum
1300 3554 1346 3608 per
1356 3539 1451 3607 salem,

290 3637 386 3691 panem
401 3624 427 3673 et
437 3635 532 3689 aquam
543 3619 576 3672 ad
587 3619 744 3672 Essenorum
754 3620 852 3674 rictum
862 3619 953 3686 refert,
969 3621 1014 3692 qni
1025 3637 1106 3692 pane,
1121 3623 1175 3676 sale
1187 3629 1214 3676 et
1224 3639 1294 3694 aqna
1304 3624 1451 3678 bombat

289 3706 368 3760 Porro
388 3711 415 3758 et
433 3703 498 3758 haec
518 3710 544 3758 et
559 3721 625 3774 qnae
641 3703 760 3775 deinceps
772 3711 915 3775 sequuntur
926 3705 1080 3762 documento
1091 3723 1149 3762 esse
1164 3713 1274 3779 possunt
1289 3707 1450 3764 Ossenoram

290 3797 388 3846 sectam
399 3791 433 3844 ab
444 3789 551 3844 bissenis
561 3787 636 3842 valde
646 3787 774 3844 diversam
784 3791 874 3844 inisse.

356 3876 388 3932 ιν.
400 3894 429 3931 ιι.
452 3874 497 3928 σο
508 3873 536 3928 τι
549 3872 601 3942 ’rei
622 3874 766 3946 muoso]
794 3875 919 3932 normes
936 3877 973 3932 ια
989 3879 1157 3952 consponsa
1170 3885 1304 3944 amisos
1321 3851 1398 3954 bon,
1409 3881 1451 3937 ver

292 3969 365 4027 κω
382 3967 462 4016 uirtus
474 3962 631 4014 abscondita.

358 4047 390 4102 N.
402 4066 440 4102 ιιι.
458 4046 543 4100 Εἴκοσι
555 4044 679 4118 τεσσάρων
692 4043 735 4118 μίν
746 4046 883 4118 morou]
910 4048 965 4103 Hac
980 4051 1079 4106 ratione
1090 4050 1218 4106 sehcenaa
1230 4050 1377 4106 miliaribus
1389 4069 1451 4108 com·

291 4137 342 4186 emt
353 4151 379 4188 ιν
396 4133 497 4198 stadiis,
515 4139 544 4186 at
559 4134 587 4187 in
602 4133 714 4186 miliaria
730 4134 835 4204 singula
851 4151 896 4188 ιιι
911 4135 1071 4205 imputentur
1086 4155 1156 4192 uxrv.
1166 4137 1312 4192 Herodotus
1323 4136 1449 4210 lluterpss

290 4215 366 4272 Ὅσοι
381 4218 424 4288 μίν
441 4218 488 4289 γὰρ
505 4217 634 4287 γεωπεῖναί
652 4215 708 4272 εἰσιν
721 4215 868 4289 ἀνθρώπων,
885 4214 996 4292 ὄργοίῃσι
1007 4223 1171 4292 μεμετρήκασι
1181 4221 1225 4290 τὴν
1236 4223 1336 4294 χώρην·
1355 4221 1411 4278 ὅσοι
1422 4223 1449 4276 al

290 4295 367 4369 ἧσσον
379 4307 518 4374 γεωπεῖναι,
536 4303 666 4358 σταδίοισι·
688 4305 711 4356 οἳ
727 4303 754 4356 tl
770 4304 864 4372 πολλὴν
876 4301 971 4376 ἔχουσι,
989 4305 1174 4379 παρασάγγῃσι·
1193 4309 1216 4361 οἳ
1227 4307 1254 4360 dh
1266 4304 1373 4378 ἄφθονον
1384 4308 1448 4375 λίαν,

291 4387 421 4459 σχοίνοισι·
443 4389 542 4441 δίναισι
562 4389 588 4442 el
608 4388 678 4460 ὃμὲν
698 4388 859 4461 παρασάγγης
879 4391 1007 4461 τριήκοντα
1027 4393 1128 4446 στάδια·
1150 4387 1164 4446 ὅ
1183 4393 1326 4463 respersos
1345 4393 1448 4455 ἕκαστος

291 4473 378 4544 μίτραν
390 4473 429 4526 seo
438 4469 567 4544 Αίγύπτιον
579 4473 694 4540 ἐξήκοντα
706 4474 800 4530 στίιδια.

357 4556 437 4629 ”hisp
448 4556 515 4611 Ἀνίδ
527 4553 611 4632 polii]
640 4560 699 4616 non
710 4567 752 4614 est
761 4561 836 4616 lacile
847 4577 882 4616 ex
892 4561 1025 4618 Hebraicis
1041 4562 1112 4620 hisce
1123 4565 1210 4620 serbis
1221 4581 1279 4622 eam
1290 4565 1445 4622 mindam

289 4644 394 4710 elicere,
406 4658 485 4715 qaam
495 4645 605 4700 subiecit
614 4645 781 4718 Epiphanius.
809 4646 864 4704 Nos
879 4649 917 4704 ita
932 4649 1099 4708 tentavimus:
1116 4656 1268 4716 tritam}
1291 4659 1343 4718 tw
1365 4658 1444 4718 ’ων
