3200 5158
314 374 424 432 cxxvl

312 531 427 602 pdouem
439 529 603 601 qnsdrrrent
638 528 756 599 Souliger
772 528 877 600 quidem
887 547 924 585 ιν.
936 528 970 583 de
980 529 1115 584 Emendut.
1127 529 1271 601 pegm,
1288 529 1335 584 uhi
1351 529 1384 584 de
1401 543 1467 583 enne

312 615 413 670 lulieno
422 613 513 670 Athen.
523 615 592 686 ugit,
604 612 652 668 hos
664 615 735 685 ipsos
744 619 820 685 putet
830 631 883 670 uon
894 614 972 672 modo
981 615 1112 671 iuuenum
1123 631 1233 679 mum,
1245 615 1295 672 hoe
1305 619 1348 670 eet
1357 615 1468 670 solerem

312 706 339 753 et
349 701 444 766 lixum
461 716 552 753 verum
570 700 649 754 etiam
665 699 780 754 lulituoe
798 716 900 754 menses
917 700 1068 765 admisisse,
1085 706 1112 754 et
1121 701 1373 754 lieoetombneonem
1385 715 1469 754 neom.

311 785 368 838 lini.
380 785 444 856 ipsis
456 785 515 842 Iulii
526 785 672 840 convenire,
695 784 747 840 Sed
761 787 789 840 in
807 801 837 840 eo
853 783 986 856 probando
999 786 1095 840 mirum
1106 801 1185 856 quem
1197 785 1288 839 inseite
1300 786 1470 856 imperitoque

311 875 436 924 versetur.
459 869 503 924 Sio
515 871 585 924 enim
597 868 722 940 disputet:
734 870 865 926 Lurinnns
876 871 904 924 in
915 872 969 924 vito
976 871 1110 942 Peregrini
1121 871 1209 924 entim
1221 876 1281 941 poet
1289 871 1469 940 Olympionem

310 955 413 1020 ludum,
429 971 488 1012 enm
506 954 590 1012 edhue
605 955 726 1025 frequens
743 961 873 1010 rumonus
887 961 969 1020 esset,
986 957 1054 1010 uiros
1064 955 1176 1010 medinm
1187 963 1289 1010 neotum
1300 955 1469 1026 Peregrinum

311 1057 339 1094 se
356 1042 383 1095 in
400 1057 494 1111 rogum
511 1039 632 1096 iniecisse
648 1046 748 1106 nnrrst,
766 1040 932 1096 oomurodnm
949 1042 1082 1094 exoriente
1098 1041 1168 1096 lunt.
1203 1041 1320 1110 Contigit
1338 1039 1470 1111 Peregrini

310 1143 382 1180 mors
393 1125 506 1182 Eusebio
517 1131 584 1180 teste
596 1125 699 1197 Olymp.
711 1140 850 1192 ccxxxvi„
864 1127 937 1196 opole
949 1145 1002 1180 rrv.
1036 1126 1120 1194 Igitur
1130 1126 1189 1180 lnlii
1200 1145 1264 1181 rvrr.
1277 1128 1341 1179 lune
1352 1131 1410 1180 oret
1420 1143 1469 1189 rr,

311 1217 357 1266 eut
367 1230 434 1276 rru,
450 1217 477 1266 et
491 1211 549 1266 ideo
565 1211 634 1266 uirus
644 1211 756 1266 medinm
767 1217 871 1266 noomm
883 1212 1021 1266 oriebatur.
1055 1212 1135 1282 Atqui
1146 1211 1313 1283 Olympinous
1325 1227 1396 1280 egon
1406 1211 1469 1264 erle

311 1298 381 1350 brari
392 1297 494 1352 rolebet
504 1314 547 1351 xv.
561 1295 602 1349 dle
614 1296 711 1350 mensis
723 1296 817 1367 primo.
848 1297 939 1368 ltaque
950 1313 1010 1352 uum
1021 1313 1052 1352 eo
1064 1298 1169 1352 sneoulo
1180 1297 1393 1352 Hecatombteon
1402 1295 1469 1348 idem

311 1388 380 1435 essm
397 1382 443 1453 qui
457 1381 550 1446 Iuliur,
567 1398 610 1434 xv.
622 1379 682 1436 lulli
698 1381 845 1436 delebuntus
862 1388 902 1436 est
918 1398 1001 1452 egon,
1019 1387 1046 1435 et
1062 1382 1139 1436 tertio
1154 1382 1223 1436 dieu
1239 1382 1383 1436 nemine
1397 1380 1469 1436 inito

310 1467 373 1520 lune
384 1471 441 1522 eret
451 1485 496 1522 xx.
530 1465 570 1519 En
587 1466 703 1520 triduum
715 1465 829 1520 hominis
845 1483 963 1522 onumen.
997 1467 1234 1522 Demonstrsndum
1249 1471 1318 1532 eret,
1333 1467 1469 1524 Hecatom-

310 1551 437 1608 breonem
447 1550 562 1606 Attiurm
574 1551 657 1606 lixum
668 1551 750 1606 inisse
761 1553 789 1606 in
799 1551 857 1606 Καὶ.
868 1551 947 1606 Iuliis.
980 1553 1021 1606 sd
1036 1552 1063 1606 id
1073 1552 1182 1608 Lnoiuni
1198 1551 1380 1608 testimonium
1390 1551 1469 1606 nme

310 1637 492 1692 tombneonem
503 1637 626 1708 pertinet,
637 1637 748 1708 profert,
761 1637 830 1709 qnod
841 1637 875 1690 sd
886 1655 941 1691 rem
952 1635 1017 1690 nihil
1028 1639 1134 1692 omnino
1145 1639 1263 1708 pertinet.
1285 1636 1315 1692 Si
1327 1637 1392 1707 qnid
1401 1638 1469 1690 enim

310 1739 344 1776 ex
356 1739 387 1776 oe
399 1722 431 1776 de
442 1723 581 1778 neomenia
590 1722 687 1776 mensis
698 1721 818 1788 efficitur,
828 1722 862 1775 ed
873 1721 1045 1789 Elidensium,
1056 1740 1111 1780 non
1121 1724 1155 1777 ed
1164 1722 1361 1778 Atheniensium
1372 1737 1470 1778 anunm

311 1821 341 1860 to
352 1824 470 1862 mensem
481 1807 599 1862 refertur.
615 1805 682 1860 Num
692 1805 720 1859 in
731 1807 816 1872 Elide,
828 1824 882 1861 non
890 1807 998 1862 Athenis
1010 1815 1085 1879 geete
1096 1814 1170 1874 sunt,
1182 1824 1248 1878 quse
1260 1807 1403 1861 eLnoinno
1415 1822 1470 1860 nrr·

309 1899 406 1948 rentur.
428 1893 527 1948 Deinde
538 1894 613 1948 illum
623 1893 709 1962 ipsum
720 1892 830 1948 lueinni
839 1893 927 1948 locum
937 1909 1018 1964 quum
1031 1894 1193 1965 negligenter
1208 1893 1307 1963 sttigitt
1329 1891 1391 1948 Nun
1402 1891 1471 1946 euin

310 1979 401 2034 uurihit
410 1979 480 2036 uiros
490 1977 603 2034 medinm
614 1983 718 2032 nectem
729 1983 847 2032 exertum
860 1995 916 2034 esse
927 1979 1031 2044 lenem,
1049 1979 1095 2033 sed
1111 1979 1223 2034 nmium
1236 1977 1325 2041 illum,
1341 1976 1377 2035 ed
1394 1993 1470 2047 quem

310 2063 461 2130 diverteret,
473 2065 542 2118 uiros
552 2063 666 2118 medinm
676 2069 780 2118 noctem
792 2063 826 2118 nd
837 2063 863 2118 id
874 2065 1051 2134 speeteoninm
1060 2065 1218 2134 proiectum:
1230 2061 1284 2132 ττρλ
1296 2061 1374 2132 μέσας
1386 2062 1470 2122 νόστος

307 2147 440 2211 ἐξαναστὰς
452 2147 522 2219 dirpsi
533 2147 589 2202 situ
601 2152 643 2216 τῆς
653 2146 774 2218 Ἁρπίνης·
787 2145 845 2201 ἔνθα
855 2143 884 2214 dv
896 2147 913 2216 ἡ
927 2147 1005 2220 παρὰ,
1022 2148 1117 2204 στάδιοι
1133 2145 1219 2212 πάντας
1237 2141 1304 2200 οὗτοι
1320 2145 1411 2200 sienem
1423 2144 1469 2198 tet

309 2237 352 2300 τῆς
364 2232 502 2304 Ὀλυμπίας
513 2233 577 2286 κατὰ
587 2232 631 2301 τὴν
641 2231 805 2304 ἱππόδρομον.
827 2233 892 2290 Μαι
904 2250 965 2288 vero
977 2236 1094 2290 subiicit:
1107 2233 1147 2286 καλ
1158 2231 1240 2300 ἐπειδὴ
1251 2232 1266 2300 ἡ
1279 2231 1371 2300 σελήνη
1383 2229 1470 2284 dedus·

310 2319 365 2388 λιν,
382 2349 417 2362 -
433 2321 540 2390 πρόεισιν
557 2317 654 2380 ἄκανος.
688 2317 812 2372 Accidere
828 2319 916 2390 itvqne
927 2321 1012 2390 potnit
1023 2326 1053 2374 nt
1063 2320 1177 2386 dusbns,
1194 2320 1236 2374 vel
1251 2318 1349 2384 mitur,
1366 2316 1471 2372 horirn

309 2404 395 2458 medis
406 2410 482 2460 nocte
493 2405 546 2460 iem
558 2404 653 2474 elapsis
665 2417 789 2474 epperere
800 2405 865 2458 lune
879 2405 1000 2475 eoeperit.
1034 2405 1087 2460 Sed
1103 2421 1187 2475 neque
1204 2405 1278 2459 tertio
1295 2405 1338 2458 vel
1355 2402 1469 2462 mundo

308 2490 410 2560 potine,
427 2505 506 2559 quem
519 2507 553 2546 ιν.
564 2491 607 2542 vel
617 2507 642 2544 ν.
653 2505 670 2542 e
681 2489 828 2544 oelebritete
840 2489 881 2544 die
892 2490 960 2544 istud
972 2491 1089 2546 evenisse
1101 2490 1196 2544 debuit
1231 2489 1328 2544 Scribit
1337 2489 1410 2544 enim
1421 2487 1469 2544 Lu·

310 2575 401 2630 olenus
411 2574 493 2630 finitis
504 2575 558 2630 inm
570 2574 729 2644 Olympieoie
740 2573 808 2628 ludis
823 2575 993 2645 Peregrinum
1011 2575 1078 2629 diem
1096 2574 1127 2628 de
1145 2575 1186 2628 die
1202 2575 1347 2630 trahentem
1365 2575 1469 2630 demum

309 2665 407 2714 eertum
415 2661 443 2712 in
451 2665 553 2713 nootem
563 2659 722 2713 condixisse:
736 2656 786 2711 ὁδὲ
796 2657 840 2711 elul
850 2657 1049 2730 ἀναβαλλόμενος
1061 2661 1137 2714 νύκτα
1147 2660 1175 2712 rt
1185 2659 1323 2714 τελευταῖον
1332 2661 1469 2731 προειρήκει

308 2743 471 2806 ἐπιδείξασθαι
481 2743 524 2812 τὴν
536 2749 628 2798 καῦσιν.
652 2745 692 2798 Ad
704 2741 768 2800 hsee
780 2745 838 2815 quie
850 2744 1012 2816 Sueligsrnm
1024 2745 1124 2810 docuit,
1138 2763 1180 2800 xv.
1192 2745 1286 2800 lunari
1297 2747 1410 2810 mensis,
1422 2745 1469 2798 hoo

309 2835 350 2884 ert
361 2830 433 2894 lotii,
449 2847 503 2884 non
520 2837 608 2886 eutem
624 2829 736 2896 lnnsris,
755 2829 919 2901 olympiacos
933 2831 992 2884 illos
1004 2846 1102 2902 ugoues
1113 2831 1145 2886 de
1156 2847 1227 2886 ruore
1239 2831 1384 2886 oeletrrtos
1393 2835 1469 2884 esee?

309 2915 393 2980 Qum
403 2915 468 2972 huet
479 2931 547 2970 vnnn
558 2921 584 2968 et
595 2912 737 2986 ἀνάρμοστα
748 2916 802 2970 sint
811 2933 889 2970 nemu
901 2931 954 2970 non
965 2915 1041 2970 videt
1060 2915 1134 2970 Certo
1147 2915 1276 2972 cunum
1287 2915 1468 2988 Olympiadem

308 3001 381 3056 illum
392 3016 518 3058 oerum.
530 3001 645 3071 Augusti
655 3018 716 3067 rin,
732 3018 786 3056 non
800 3000 867 3056 lulio
880 3009 1011 3072 peretum
1022 3002 1163 3058 existimet
1197 3000 1246 3065 Qui
1263 3002 1364 3072 etipse
1380 3007 1468 3056 temen

306 3087 401 3157 puerili
411 3102 518 3157 prorsus
530 3103 616 3142 errore
626 3086 655 3142 in
665 3087 712 3140 illu
721 3085 855 3157 Peregrini
865 3085 973 3142 historin
990 3103 1047 3142 seeo
1062 3086 1190 3154 traduxit,
1207 3086 1270 3142 dnm
1286 3085 1378 3142 nutu
1391 3086 1467 3142 Pere

308 3173 413 3242 grinnm
430 3170 604 3241 Ghdstimrnm
621 3188 679 3226 esse
695 3171 794 3228 iactum
811 3187 880 3225 enno
898 3170 992 3226 Christi
1003 3189 1109 3238 sumn,
1126 3171 1228 3244 olymp.
1241 3187 1334 3228 corui.
1367 3171 1399 3226 lu
1417 3188 1467 3242 quo

308 3265 413 3312 uentum
432 3255 620 3328 propemodum
640 3257 716 3310 anniv
735 3257 845 3312 oberret.
885 3255 951 3310 llum
968 3257 1102 3328 Peregrini
1121 3274 1191 3312 mors
1210 3256 1300 3312 inuidit
1318 3258 1347 3312 in
1365 3257 1467 3328 Olymp.

308 3357 446 3408 coxrrvu,
463 3359 561 3398 sunum
573 3339 669 3396 Christi
680 3357 758 3398 eurr.
781 3341 855 3396 Vixit
865 3347 952 3396 entem
963 3341 1071 3396 llerodis
1082 3342 1160 3396 truci
1171 3349 1287 3412 tempore
1301 3343 1351 3396 suh
1367 3343 1405 3398 hi.
1417 3344 1467 3396 Ar·

307 3428 371 3484 relio
382 3427 528 3494 Antonino,
545 3433 575 3482 ut
591 3443 625 3482 ex
640 3425 794 3482 Philostrato
806 3427 889 3482 lihu.
900 3426 932 3480 de
943 3427 994 3483 vn
1005 3426 1085 3498 Soph.
1102 3427 1130 3480 in
1147 3427 1248 3482 Herode
1264 3427 1405 3497 colligitur,
1421 3443 1468 3482 neu

307 3531 360 3570 nou
372 3521 398 3568 et
408 3529 443 3568 ex
452 3512 567 3570 Lucieno
577 3513 606 3566 in
617 3513 687 3566 illius
699 3513 760 3568 vite

375 3596 444 3652 Κατὰ
455 3596 584 3667 Ἐβραίους
593 3594 758 3668 Manatum]
781 3595 940 3668 Epiphanius
953 3597 1048 3652 Christi
1058 3598 1216 3668 baptismum
1227 3597 1346 3670 emigret
1361 3598 1388 3652 ei
1398 3615 1466 3654 enno

307 3685 352 3754 qui
364 3699 432 3738 ooss.
446 3681 537 3738 hebuit
547 3683 685 3738 Sirenum
696 3689 722 3736 et
731 3681 856 3748 Nervam,
868 3683 913 3754 qui
924 3690 964 3736 est
973 3683 1090 3738 lulimus
1099 3701 1205 3749 nunu,
1216 3682 1357 3738 Novembri
1368 3701 1466 3749 mense,

307 3785 367 3824 enm
379 3786 445 3824 xxix
456 3785 553 3836 runos,
568 3784 672 3826 mentes
682 3785 703 3822 x
713 3769 854 3838 implesset
888 3767 1055 3822 Novilunium
1071 3768 1185 3824 medium
1196 3767 1246 3822 hoo
1257 3785 1326 3824 nuno
1337 3769 1430 3824 inridit
1440 3772 1465 3824 in

304 3853 372 3910 Nor.
379 3873 427 3920 vr..
439 3853 510 3908 horis
521 3855 620 3926 aliquot
630 3860 690 3924 post
699 3852 802 3910 initium
813 3853 910 3918 noctis,
922 3854 995 3926 opole
1005 3871 1032 3910 r.
1049 3853 1135 3918 anre
1146 3855 1170 3906 si
1178 3852 1332 3908 Novembris
1344 3853 1401 3910 dies
1411 3873 1465 3912 vrrs

304 3937 495 3994 Mnrchesuven
504 3938 601 3994 ludoici
609 3938 664 3992 dies
676 3945 716 3991 est
724 3955 783 4002 vn,
794 3938 932 3992 neomenia
939 3938 1043 3994 Indnioe
1054 3939 1113 3992 iniit
1119 3939 1259 3994 Novembr.
1269 3957 1303 4004 n,
1314 3947 1340 3994 et
1350 3959 1366 3994 ν
1377 3941 1465 3996 solidis

306 4023 396 4080 diebus
409 4025 571 4078 novilunium
583 4023 728 4078 antecessit.
752 4023 818 4076 Nem
829 4022 932 4078 Indnioe
943 4025 1106 4078 novilunium
1116 4023 1262 4094 qnedrsbnt
1272 4025 1299 4078 in
1311 4023 1465 4080 Novembris

306 4127 365 4176 vn,
375 4110 442 4164 ieris
450 4129 468 4165 ι.
486 4108 539 4164 Sed
550 4126 602 4165 uon
610 4115 673 4180 puto
684 4113 785 4162 tuntum
796 4109 830 4163 eb
840 4109 892 4164 illis
902 4109 1092 4164 dissimuletnm
1099 4110 1181 4163 iuism
1191 4111 1311 4166 lunarem
1319 4112 1462 4182 rpedpqmv.

305 4195 338 4250 Et
349 4202 459 4250 erratum
470 4195 589 4248 lomois
601 4203 651 4254 est,
669 4201 697 4248 ut
708 4211 754 4266 pro
767 4191 873 4265 ἑβδόμῃ,
891 4195 958 4267 τρίτῃ
970 4195 1011 4250 vel
1023 4194 1135 4266 δευτέρρ,
1151 4195 1194 4250 vel
1210 4202 1278 4250 uerte
1296 4194 1414 4268 τετάρτρ,
1428 4197 1463 4250 le

305 4280 420 4350 gendum
436 4281 483 4346 sit,
501 4297 552 4351 quo
565 4280 705 4336 tolerabilis
717 4280 870 4334 neomeniae
881 4281 954 4334 lebes
965 4281 1147 4336 luteroeseerit
1183 4279 1250 4344 Quin
1267 4286 1294 4334 et
1309 4281 1378 4338 nlius
1395 4297 1463 4336 error

305 4373 345 4420 est
355 4366 383 4418 in
394 4367 492 4420 mensis
504 4365 684 4438 appellatione.
707 4365 766 4420 Non
778 4366 848 4420 enim
859 4365 1062 4432 Marohernvnn,
1080 4366 1126 4420 sud
1138 4363 1254 4420 Ghoeseu
1267 4383 1324 4420 esse
1337 4367 1424 4432 dehet,
1439 4367 1462 4420 si

304 4451 382 4508 modo
393 4452 492 4508 lunaris
503 4453 547 4506 ille
558 4452 656 4508 mensis
668 4451 725 4507 init.
761 4450 836 4515 Quod
852 4451 956 4522 quidem
967 4451 1023 4506 lieri
1035 4469 1087 4506 non
1098 4457 1196 4522 potest,
1214 4451 1237 4506 si
1254 4452 1355 4522 integer
1371 4453 1406 4506 sit
1421 4451 1460 4506 hir

304 4533 443 4608 Epiphrnfi
454 4538 526 4590 locus
538 4544 564 4590 et
574 4536 671 4590 ludnici
682 4537 779 4592 mensis
790 4543 866 4592 sexte
876 4537 1038 4594 novilunium
1052 4537 1222 4592 commissum
1238 4537 1324 4592 luerit.
1359 4535 1424 4602 Quid
1438 4536 1459 4590 si

305 4627 351 4676 ent
362 4621 451 4676 ludeei
462 4629 522 4676 tuno
533 4622 671 4692 temporis,
683 4629 728 4676 ent
735 4621 894 4693 Epiphnuine
906 4623 962 4693 ipse
971 4621 1134 4678 ludeieorum
1144 4623 1275 4678 meusium
1284 4623 1411 4678 vocubnls
1420 4620 1458 4676 lr-
