3216 5152
1183 349 1278 406 XXXI

185 502 230 554 liet
241 504 385 573 γονοιιιοιιῖιν
396 501 522 574 lucrina]
554 503 714 575 Magnopere
725 502 883 569 mirandum,
896 505 920 557 ei
930 503 1007 558 modo
1019 519 1109 558 rerum
1121 508 1173 569 est,
1184 504 1277 558 mulie·
1302 517 1323 556 n·
1332 503 1363 545 ίί

126 588 206 642 brrbns
221 589 332 660 palliolis
349 605 411 644 usos
428 605 486 644 esse
496 587 656 644 Pharisaeos.
692 589 766 654 Quod
777 589 908 660 sequitur,
920 587 944 642 ίν
956 589 1092 654 πλατείαις,
1104 591 1157 650 ταῖς
1169 593 1276 660 νιρηιιῖοι,

123 674 183 727 latae
194 673 299 728 eosdem
315 675 432 746 crepidas
450 673 573 730 habuisse
584 675 728 746 significat,
743 691 792 730 nec
804 675 879 728 alita
891 675 1038 730 (lornarius.
1066 674 1177 739 Quidam
1188 683 1277 730 tamen

122 760 155 812 ita
165 759 345 830 corrigendum
355 765 455 831 putant,
466 757 491 812 ἐν
503 759 635 832 πλατείαις,
648 759 672 812 ἐν
684 763 736 822 ruis
748 763 856 830 apperiat,
869 759 909 813 aul
918 759 1047 831 γλώτταις,
1061 765 1109 814 eto.
1128 761 1166 814 Ac
1176 761 1277 831 plateas

122 845 276 916 intelligunt,
288 847 316 900 in
329 846 423 916 quibus
435 847 602 900 ostentabant
613 863 641 902 ee
652 845 791 902 Pharisaei.
819 847 875 916 ligo
886 845 951 900 nihil
962 845 1139 900 innovandum
1150 861 1252 902 censeo.

183 929 263 1002 Φάρος
275 931 323 1002 γὰρ
335 929 397 984 κατὰ
408 930 452 998 τὴν
461 928 608 1004 Ἓβριιίδο.].
625 932 691 1003 Reg.
704 931 786 986 codex
799 931 876 1002 ρίρες,
887 932 962 1002 quasi
973 932 1010 986 sit
1019 930 1093 1002 ρίρις,
1105 932 1278 1002 etlegendum

121 1013 335 1086 ιίίὶριοριορένος,
370 1017 525 1087 Quanquam
535 1016 670 1088 ἀροριορίις
686 1035 727 1072 res
743 1024 784 1072 est
800 1018 857 1087 ipsa
873 1033 952 1088 quam
967 1017 1122 1072 vocabulum
1133 1017 1277 1088 significat3

121 1119 169 1156 non
179 1107 209 1156 ut
219 1101 248 1154 rb
261 1100 334 1172 ρόρες
345 1104 387 1158 vel
399 1102 467 1174 ρέρες
478 1104 593 1174 praecise
606 1104 640 1158 sit
651 1104 755 1158 verbale
767 1103 961 1158 sanandorum
972 1099 1090 1174 ἐνέργειαν
1102 1120 1207 1158 sonans.
1231 1101 1278 1156 Est

121 1188 185 1242 enim
194 1188 283 1258 potius
295 1199 430 1258 separatus
442 1205 520 1258 quam
531 1193 670 1260 separatio.

182 1265 240 1326 Οίον
255 1271 325 1338 ἥλιος
342 1271 410 1343 'llus
421 1272 462 1326 ael
474 1273 564 1342 σέρις]
598 1274 637 1328 De
652 1275 693 1328 bis
704 1275 881 1330 Hebraeorum
896 1273 1114 1346 appellationibus
1127 1272 1184 1344 agit
1194 1274 1277 1328 crudi·

120 1358 232 1412 maiman
244 1358 378 1414 Samariae
389 1365 478 1412 noster
488 1361 505 1414 l.
518 1377 535 1413 ι.
547 1359 579 1414 de
590 1361 684 1414 Tribus
696 1360 780 1416 Sectis
793 1377 814 1414 e.
826 1378 863 1426 ιι,
876 1365 902 1413 et
912 1359 939 1412 in
950 1359 1087 1420 Minervdi
1097 1359 1143 1412 lib.
1155 1377 1188 1412 ιι.
1202 1375 1225 1415 ο.
1238 1377 1277 1415 ιιι.

120 1442 154 1496 da
164 1445 200 1498 sic
210 1444 337 1500 Hebraico
349 1441 518 1516 conclpienda
528 1449 602 1500 snut:
623 1451 707 1510 mn
720 1447 761 1502 rel
772 1453 872 1511 lim:
886 1451 947 1508 tint
958 1445 1000 1498 vel
1012 1414 1141 1515 imbri.
1161 1444 1277 1498 Ilnomm

120 1530 278 1600 sanandum
287 1531 402 1597 nornine,
414 1530 484 1600 quod
493 1547 583 1586 eorum
593 1531 665 1602 origo
678 1533 712 1584 sit
722 1533 829 1598 incerta,
840 1548 894 1585 non
905 1531 968 1584 satis
980 1527 1157 1600 ἑξεβραίζιοόιιι
1168 1536 1277 1601 queunt:

120 1612 203 1684 λιιχλβ
218 1612 340 1686 Ὀτμιλιλ,
356 1621 383 1670 ct
396 1613 486 1686 Χιοχὶβ
503 1613 612 1687 ’oppia
641 1616 757 1681 Quorum
772 1617 845 1689 prius
861 1613 968 1686 Ὀιιμὼλ
982 1616 1049 1670 forte
1066 1585 1187 1702 asnp,
1209 1615 1278 1686 quod

120 1705 157 1752 eet
180 1701 326 1768 succidere,
353 1702 464 1756 alterum
491 1718 508 1755 a
543 1707 619 1766 'inti
655 1703 724 1772 quod
751 1708 792 1756 est
818 1702 1013 1772 concupiscere,
1048 1701 1109 1772 quia
1133 1702 1277 1755 Mercurius

119 1784 274 1842 lucrionibns
301 1793 328 1842 et
351 1788 558 1858 nogotiatoribus
587 1793 710 1858 quaestus
737 1786 894 1842 avidissimis
923 1786 1061 1858 praesidat
1111 1786 1178 1840 Nam
1208 1787 1278 1858 quod

120 1869 231 1942 Scaliger
249 1873 341 1928 Oomol
356 1873 551 1938 adilamulum,
590 1874 617 1926 ni
637 1873 665 1928 in
685 1873 772 1934 veteri,
788 1872 954 1944 inscriptione
977 1877 1063 1938 extat,
1084 1873 1212 1942 pertinere
1234 1872 1277 1926 de-

120 1956 208 2023 iendit,
231 1975 286 2013 non
306 1959 408 2031 probat.
443 1959 565 2030 Sequitur
610 1964 657 2024 292
679 1965 776 2026 zm,
798 1959 905 2014 Veneris
922 1958 998 2012 stella
1014 1958 1116 2028 οιροόοι,
1134 1958 1175 2011 vel
1191 1957 1277 2024 λοοηὸ.

118 2040 185 2096 Prior
200 2059 254 2098 vox
272 2060 289 2098 a
305 2051 377 2110 w,
399 2051 429 2098 ut
446 2044 562 2100 Serrario
579 2045 666 2100 vuum
684 2050 735 2111 est,
752 2044 863 2098 deducta
882 2044 958 2114 quasi
974 2049 1063 2108 alini,
1077 2045 1246 2114 posteriorem
1261 2060 1278 2096 a

119 2097 171 2198 *lb*
181 2129 287 2194 maim,
299 2146 378 2205 quarn
389 2146 406 2183 a
418 2100 506 2201 bns.
538 2129 605 2183 Nam
616 2135 643 2183 et
653 2130 754 2199 Assyrii
765 2127 910 2200 Ἀφροδίτην
922 2127 1047 2195 Μύλιττα,
1063 2128 1162 2182 &abes
1179 2125 1278 2182 Ἀλίττοι

119 2220 307 2285 nuncuparunt
341 2216 422 2270 autor
443 2216 588 2271 Herodotus
606 2214 674 2280 Olio;
694 2185 849 2286 anubin,
869 2212 884 2281 ίη
903 2214 1029 2285 γενέτειρα.
1058 2213 1176 2286 Denique
1193 2221 1277 2276 :m

119 2305 195 2361 min
211 2301 317 2354 sabbati
328 2301 404 2355 stella
414 2307 484 2356 recta
495 2301 623 2355 Saturnus
636 2301 734 2354 dicitur.

181 2383 263 2438 ’λλλίι
273 2385 313 2438 καί
322 2384 353 2440 τὰ
364 2386 473 2458 ματαίως
482 2387 647 2458 νομιζόμενα]
670 2386 768 2440 Vellem
779 2387 873 2441 clarius
884 2385 948 2440 haec
959 2387 1016 2458 ipsa
1029 2388 1138 2457 στοιχέία
1150 2386 1277 2440 declares·

118 2475 162 2524 set.
185 2469 254 2525 Nam
266 2471 340 2526 valde
352 2479 392 2527 est
403 2473 542 2527 obscurum
554 2472 684 2542 quomodo
695 2471 746 2526 XII
757 2470 821 2526 haec
832 2472 973 2543 dignorum
985 2471 1112 2526 vocabula
1127 2469 1158 2532 είς
1176 2470 1277 2544 ἂριθμὴν

118 2556 244 2628 στοιχείων
260 2559 408 2629 νομιζόριινο
424 2559 550 2614 martur.
572 2559 614 2612 An
630 2557 681 2612 hoc
696 2558 790 2624 voluit,
800 2557 866 2612 baec
878 2574 895 2612 a
905 2559 1046 2628 gentilibus
1057 2558 1130 2612 velut
1140 2558 1277 2626 elementa,

117 2647 142 2695 et
152 2641 312 2713 οτοιχιιώόη,
323 2645 366 2698 τοί
378 2644 513 2715 συνέχοντα
528 2649 571 2696 τοῦ
587 2640 739 2713 ἀνθρωπίνου
757 2643 811 2712 βίον
828 2660 886 2698 esso
903 2644 1060 2698 constituta?
1092 2644 1134 2697 An
1148 2641 1176 2696 id
1190 2645 1277 2714 potius

118 2728 184 2796 qnod
198 2729 413 2800 interpretatione
427 2735 518 2784 nostra
532 2730 729 2800 expressimus?
758 2729 827 2783 Nam
847 2729 929 2800 Signa
944 2727 1051 2784 Zodiaci
1071 2729 1219 2784 dividuntur
1236 2730 1277 2784 rel

55 2817 57 2822 '
117 2813 177 2865 κατὰ
187 2812 330 2885 διάμετρον,
341 2815 384 2870 val
395 2811 458 2867 κατὰ
469 2815 601 2887 τρίγωνον,
612 2815 654 2868 vel
667 2812 729 2867 autb
740 2812 906 2884 τετράγωνονς
918 2814 949 2868 de
960 2815 1055 2884 quibus
1065 2813 1190 2868 Geminus
1202 2832 1226 2885 p.
1236 2815 1277 2868 21.

116 2896 195 2954 trus
204 2900 398 2970 partitionibus,
409 2901 524 2954 secunda
535 2907 652 2971 quaeest
663 2895 726 2952 κατὰ
736 2900 864 2971 τρίγωνον,
876 2900 1061 2970 quadrifariam
1071 2900 1225 2970 signiferum
1236 2917 1277 2954 or-

118 2983 173 3040 bern
188 2984 293 3040 dividit:
313 2986 427 3056 primum
441 2992 608 3056 segmentum
624 2986 727 3040 boreale
742 2985 848 3050 dicitur,
867 2985 1010 3040 secundnm
1025 2985 1150 3050 australe,
1171 2987 1277 3040 tertim

116 3069 291 3142 zephyrion,
303 3077 428 3141 quartum
437 3072 616 3128 subsolanum.
645 3071 717 3136 Quae
728 3071 833 3141 quidem
844 3070 878 3125 ad
888 3071 1050 3134 nafiritataa,
1067 3068 1215 3141 οινριτόιθιιος
1226 3073 1276 3124 τῶν

116 3156 238 3224 γινίοιιιιν,
251 3173 268 3210 a
278 3155 446 3228 genethliaca
457 3157 692 3222 accommodantur,
705 3162 732 3210 et
742 3155 779 3210 ait
791 3155 929 3210 Geminus:
942 3155 1011 3226 quod
1022 3156 1050 3210 in
1061 3157 1138 3210 certis
1147 3155 1275 3212 sideribus

116 3247 205 3296 mutua
215 3242 345 3314 quaedam
356 3243 494 3298 consensio
505 3249 532 3298 et
542 3243 701 3314 conspiratio
712 3243 799 3308 inesse
811 3241 935 3296 credatur.
968 3241 1067 3296 Eadem
1081 3243 1127 3296 illa
1141 3249 1278 3312 segmenta

115 3328 439 3399 misquaaqueelenoentis
447 3329 622 3400 assignem
639 3327 711 3393 Quae
720 3325 902 3382 omniainhoc
910 3327 1098 3397 demandato
1106 3328 1201 3382 intueri
1208 3331 1276 3382 licet.

159 3465 258 3536 Βόρειον
276 3447 414 3552 τρόμοι
506 3466 603 3521 Νότιον.
697 3448 700 3552 i
771 3463 910 3534 Ζεριιριιιόν.
982 3451 986 3550 ι
1037 3461 1223 3536 Ἀρηλιωτιιιόν.

506 3586 606 3642 Terra
812 3585 874 3640 aar
1086 3586 1176 3656 Aqua

364 3662 391 3713 Υ
425 3654 526 3709 Taurus
653 3663 677 3716 8
714 3653 817 3708 Gemini
933 3661 970 3712 E
999 3653 1097 3708 Cancer
1222 3662 1257 3716 ᾧ

364 3730 390 3786 Ω
425 3721 506 3794 Virgo
649 3733 681 3786 1η
710 3721 793 3776 Libra
933 3733 971 3780 *DA
999 3722 1121 3793 Scorpius
1220 3729 1257 3784 tw

131 3787 287 3859 Sagittarius
367 3797 390 3850 ,i
425 3789 596 3861 Capricornus
654 3797 677 3852 z
712 3791 841 3862 Aquarius
935 3807 970 3847 α
997 3791 1086 3846 Pisces
1226 3801 1250 3853 )(

179 3926 220 3980 Ad
236 3925 305 3980 hunc
319 3927 408 3997 itaque
420 3943 532 3980 ¹sonsum
549 3928 685 3982 duodecim
700 3929 778 3998 signa
794 3945 840 3999 pro
858 3929 1046 3982 elementorum
1062 3943 1170 3982 numero
1181 3929 1278 3998 partita

115 4011 204 4066 scribit
213 4011 382 4083 Epiphanius.
409 4012 466 4066 Iam
481 4010 546 4066 haee
557 4014 638 4067 verba
653 4010 757 4074 ἃζιίιδιοι
769 4013 877 4066 καλοῦσι
904 4013 1044 4068 Cornarius
1060 4013 1098 4066 ita
1108 4013 1195 4066 rerfit:
1212 4031 1276 4082 quoe

117 4099 241 4151 οιιίοοοίίο
251 4109 351 4154 emona
380 4098 489 4168 Exque
506 4115 629 4152 munseo
643 4105 707 4170 puto
724 4105 755 4152 nt
770 4100 818 4152 viri
836 4098 942 4168 quidam
953 4098 1047 4152 eruditi
1057 4099 1208 4168 scripserint
1217 4097 1278 4169 Ilpi·
1303 4109 1364 4160 μοι.

116 4181 239 4251 piraniana
254 4183 350 4238 τοίοῐτο
365 4182 519 4238 Pharisaeos
536 4189 607 4238 astra
624 4185 689 4238 coeli
706 4185 821 4238 ammata
835 4185 1013 4250 constituisse,
1034 4183 1083 4238 hae
1102 4185 1161 4254 ipsa
1175 4182 1278 4238 haeresi

116 4284 172 4332 rvr,
189 4269 295 4339 quodid
306 4269 456 4324 lloclesiast
467 4269 560 4325 Annei
572 4268 605 4323 ad
616 4285 640 4322 a.
656 4285 715 4324 cnr.
732 4269 836 4339 legitur.
865 4269 917 4322 Sed
934 4269 1045 4322 idsecus
1057 4268 1182 4323 sehabet.
1209 4269 1276 4324 Nam

115 4367 147 4405 ne
156 4354 232 4408 litera
241 4352 291 4408 hoc
302 4355 408 4425 quidem
419 4355 473 4408 ulla
484 4354 641 4426 significarit
651 4353 819 4425 Epiphanius.
849 4353 901 4407 Sed
916 4353 965 4408 hoc
977 4371 1061 4408 unum
1072 4355 1172 4420 docuit,
1187 4353 1276 4410 Phari·

116 4453 189 4492 saeos
201 4441 356 4494 coelestibus
367 4441 450 4511 signis
462 4457 492 4494 ac
504 4441 631 4496 sideribus
639 4446 709 4495 certa
716 4437 840 4494 indidisse
848 4439 963 4504 nomina,
974 4457 1041 4510 quae
1048 4441 1102 4494 iere
1111 4441 1278 4510 agentilibns

116 4526 317 4596 usurpabantur,
333 4527 449 4580 maxime
465 4527 591 4582 duodenis
605 4527 658 4580 illis
673 4525 756 4596 signis
773 4541 839 4596 quae
855 4526 934 4596 vulgo
947 4526 1024 4588 ζώδια
1035 4520 1168 4582 uocantur.
1192 4527 1277 4591 Quare

117 4625 162 4664 nos
173 4611 351 4682 ambignitads
363 4612 493 4668 carendae
505 4615 590 4684 gratia
601 4615 676 4668 rodto
687 4627 767 4684 quam
784 4614 910 4666 οιιίοιοίίο
921 4617 1020 4667 νοτίοιο
1031 4613 1179 4668 maluimus.
1208 4613 1275 4670 llam
