3216 5152
1199 355 1260 411 XLI

112 513 241 568 Secundus.
269 512 388 568 Clemens
401 513 475 566 Alex.
487 512 533 566 lib.
543 530 582 566 ιιι.
599 512 695 568 suom.
709 511 781 566 eddit
793 517 820 564 et
830 511 976 566 Prodicum.
985 511 1093 566 Ιλόοιιιιιι
1103 515 1174 566 certa
1182 527 1259 582 quae·

111 599 162 652 dem
177 615 206 652 ac
221 600 358 668 peculiaris
375 605 447 652 aecta
462 599 513 652 tuit
529 613 595 668 quae
611 598 662 653 sihi
675 597 858 652 Gnosticorum
872 614 968 652 nomen
982 613 1045 668 prae
1057 597 1167 650 erotesis
1177 598 1258 652 vindi·

111 685 174 750 ecrit,
182 683 213 737 de
222 685 316 755 quihus
325 684 374 737 hoo
383 685 410 738 in
419 685 502 754 capite
511 685 568 754 agit
575 683 743 754 Epiphanius,
753 683 885 752 etaliiqui
893 683 925 735 dc
933 681 1084 737 haeresihn
1093 683 1259 753 scripserunt,

108 769 276 840 imprimisque
285 771 472 835 Tertullianus,
484 770 529 840 qui
538 770 706 840 scorpiacum
715 774 806 824 contre
816 767 954 822 Gnostices
963 768 1054 834 edidit;
1066 783 1145 838 quarn
1155 769 1259 839 quidem

108 854 216 908 hsuesin
226 855 400 925 Hieronymus
412 861 503 910 contre
510 855 683 925 vigilantium
694 855 810 908 scribens
823 852 947 908 Caiunam
957 859 1042 908 uocat.

166 939 196 994 N.
208 959 236 994 ιι
254 938 353 1008 Ἐπειδὴ
365 939 413 1011 γὰρ
425 939 518 1011 soeph]
553 946 633 1002 stur:
650 940 778 994 Arsinoen
793 940 886 1009 lingua
901 939 992 1008 ignem
1008 939 1148 1010 significat.
1184 940 1258 1005 Quod

107 1031 185 1080 antem
193 1025 295 1080 Iudaeis
306 1032 367 1098 post
378 1027 553 1098 captivitatem
564 1026 700 1098 iamiliqris
712 1042 743 1080 ec
753 1025 886 1096 popularis
895 1025 987 1094 lingue
995 1024 1104 1095 Syriaca
1114 1026 1189 1090 soret,
1200 1026 1258 1080 ideo

106 1117 161 1164 nete
171 1129 222 1166 non
235 1112 319 1183 βαθείᾳ
330 1114 433 1182 lingna,
447 1129 515 1182 quse
527 1119 553 1166 et
564 1081 691 1182 0³7an
703 1112 806 1176 dieitur,
823 1111 868 1164 aed
885 1112 1018 1166 communi
1034 1127 1064 1164 so
1075 1113 1178 1181 vulgari
1189 1111 1258 1166 idem

107 1213 158 1250 cese
169 1198 237 1267 qnod
248 1200 339 1269 ignem
355 1199 459 1252 asserit:
478 1198 576 1266 βαθεῖαν
591 1202 679 1251 cutem
694 1199 814 1268 linguens
831 1196 948 1250 alludens
965 1196 998 1249 ad
1014 1195 1155 1250 Ezechielis
1171 1199 1258 1252 locum

106 1283 174 1348 dixit,
192 1285 236 1353 qni
251 1291 293 1338 est
309 1300 363 1356 csp.
377 1302 420 1352 nr,
440 1284 483 1337 lh:
503 1284 562 1336 Non
573 1287 639 1336 om'm
651 1285 688 1336 ud
695 1285 814 1352 pupulum
826 1285 952 1352 prestandi
966 1287 1100 1346 sermonis,
1118 1294 1142 1336 ct
1157 1288 1259 1352 ε’ρνιοιαε

105 1371 198 1436 linquae
210 1379 236 1422 tu
248 1373 362 1423 mittete.
379 1368 507 1423 Hebraica
518 1370 671 1438 lingosum
681 1369 769 1438 ignem
778 1367 924 1437 significet,
932 1367 1062 1422 Αιαιαοου
1070 1371 1183 1430 &nutat
1201 1369 1259 1434 Qua

105 1471 159 1506 rece
175 1454 264 1524 ignem
282 1455 413 1509 alicime
430 1461 552 1508 vocatum
568 1453 682 1508 Berosus
699 1453 817 1525 prodidit.
848 1454 934 1523 Atque
951 1453 1010 1506 inde
1027 1453 1147 1507 fortassis
1165 1453 1257 1510 Craeci

104 1537 192 1599 ’Βασίας
204 1541 332 1610 originem
344 1541 514 1596 deduxerunt.

162 1617 237 1678 Οὗτοι
246 1625 278 1678 τὰ
289 1630 333 1679 τοῦ
346 1625 527 1693 Φιλιστίωνος]
546 1627 648 1680 Hieron.
656 1624 761 1695 Apelh.
772 1641 795 1680 c.
808 1624 873 1678 nus:
887 1623 922 1676 Et
932 1628 1007 1693 quusi
1018 1628 1116 1676 mimum
1127 1626 1257 1681 Philastie·

104 1713 147 1774 nis,
159 1713 198 1762 cel
207 1711 312 1764 Lmrtuli
323 1731 355 1764 uc
367 1713 477 1764 Marulli
486 1712 618 1781 stropham
630 1713 741 1780 cleponis*
750 1728 862 1764 εοναιονιο
874 1713 1006 1779 confictum
1018 1719 1064 1764 etc.

162 1795 247 1864 Καββᾶ
258 1797 306 1866 γὰρ
319 1795 491 1867 ἑρμηνεύεται]
510 1799 575 1851 Tam
585 1795 711 1852 Hebraico
723 1812 802 1865 quam
813 1795 920 1864 Syrisce
932 1795 1129 1850 tabernaculum
1141 1802 1169 1850 et
1177 1797 1257 1852 iorni·

102 1897 150 1934 cem
161 1882 301 1952 significat,
312 1899 360 1936 nec
372 1899 424 1936 non
437 1889 463 1936 et
474 1884 648 1953 prostibulum
660 1898 689 1935 sc
701 1882 818 1952 lupanar.
845 1881 950 1936 Numer.
962 1897 1065 1951 quoque
1074 1899 1144 1946 nu,
1155 1899 1221 1939 com.
1231 1883 1256 1950 8,

101 1985 155 2022 ιιι.
166 1969 259 2039 μήτραν
270 1968 440 2022 reddiderunt
459 1967 531 2022 Unde
543 1973 569 2020 et
580 1967 690 2037 πορνείας
700 1968 834 2038 stuprique
845 1967 930 2020 notio:
943 1965 1111 2020 Φονοειεονίαν
1119 1983 1190 2034 vero,
1201 1970 1256 2024 sire

100 2054 271 2122 parricidium,
288 2071 417 2124 nusquam
434 2056 520 2124 legere
536 2054 651 2109 memini.
679 2053 803 2122 Suspicor
819 2051 994 2123 Epiphanium
1011 2057 1081 2146 ΜΡ
1098 2059 1257 2124 tanquama

100 2145 153 2224 ΞΡ)
165 2140 310 2192 derivatum
321 2141 464 2210 accepisse,
479 2140 549 2211 qnod
560 2145 601 2194 est
611 2139 750 2210 periurare.

159 2223 304 2295 ’όγώγιμόν
316 2226 463 2298 πεποίημαι]
491 2225 630 2280 cumatius
645 2227 755 2278 illiciens
765 2227 868 2295 μοὸαιο.
895 2222 1035 2295 Ἀγῶγιμον
1048 2225 1168 2295 estquod
1179 2227 1255 2282 adve-

99 2307 161 2362 hitur
176 2317 221 2364 ant
236 2312 400 2382 importetur.
426 2312 480 2365 Nos
492 2313 648 2364 adacturum
660 2328 693 2364 οι
705 2310 837 2364 communi
852 2315 980 2382 potestate
991 2311 1153 2382 interpretari
1164 2313 1255 2366 malui·

100 2411 161 2450 mus.
188 2395 345 2467 Quanquam
361 2415 387 2450 n.
399 2415 462 2450 ινιι.
474 2413 535 2468 psg.
546 2397 602 2461 100,
619 2394 746 2467 ἀγώγιμον
758 2395 834 2466 μῦθον
847 2397 874 2450 in
885 2397 964 2468 priori
975 2397 1020 2450 ille
1032 2396 1137 2454 Cornor.
1149 2398 1255 2452 notione

97 2487 240 2551 usurpatur.

157 2567 188 2620 N.
201 2585 240 2621 ιιι.
262 2565 332 2637 Παρὰ
343 2568 371 2620 δέ
381 2586 428 2620 uer
440 2568 510 2638 ρόοει
520 2568 699 2638 Βορβοριανοί]
716 2568 893 2623 Theoderetus
904 2568 1078 2634 Barhelietas,
1090 2571 1144 2623 sire
1156 2570 1255 2626 Borbo-

97 2651 190 2717 rionns,
202 2659 288 2706 certes
300 2653 442 2708 haereticos
454 2655 593 2724 separatim
604 2661 745 2721 memoret,
759 2671 824 2724 quos
836 2661 863 2708 et
873 2653 1003 2708 Naesines
1015 2661 1042 2708 et
1052 2655 1216 2711 Stratioticos
1228 2663 1255 2711 et

96 2735 258 2792 Phehionitas
275 2741 400 2810 appellat,
416 2746 562 2811 quae-suut
574 2739 757 2795 Gnosticorum
769 2741 905 2796 vocabula.
931 2739 1005 2804 Quod
1016 2740 1048 2792 ad
1061 2757 1150 2796 rocem
1162 2743 1255 2796 attinet

96 2823 178 2887 εοδδὰ,
191 2831 286 2878 notant
297 2830 408 2917 N‘lipw
420 2843 478 2880 csse
490 2827 636 2891 scutellum,
647 2827 690 2879 vel
701 2830 826 2880 craterem
837 2830 988 2880 testaceum.

155 2909 187 2966 N.
200 2929 247 2964 ιιι.
268 2910 383 2962 Τουτέαει
394 2915 431 2981 τῷ
444 2913 551 2983 χρόνῳ]
576 2911 675 2966 Locum
693 2929 727 2964 ex
738 2911 863 2965 Vaticano
881 2911 968 2964 codice
985 2927 1049 2964 snae
1061 2912 1203 2982 integritati
1214 2929 1252 2966 re·

96 2995 231 3049 siituimus.
250 2995 326 3059 Quod
337 2997 370 3050 ad
378 2996 529 3067 Evangelici
539 2998 609 3052 illins
621 2997 672 3050 loci
681 3014 789 3052 sensum
801 2997 907 3062 attinet,
920 2997 1010 3052 codem
1021 2997 1099 3052 modo
1111 3014 1163 3068 quo
1173 2997 1252 3069 Chry-

95 3087 152 3134 sost.
164 3085 190 3133 et
200 3080 412 3153 Theophylactus
424 3088 571 3152 exponunt,
584 3100 635 3153 quo
646 3082 815 3154 Epiphanius.
1279 3105 1300 3145 p.
1314 3095 1345 3139 tt.

155 3165 186 3220 N.
196 3184 234 3222 ιι.
254 3167 300 3218 llul
309 3165 369 3239 irrep
377 3167 446 3238 ἡμεῖς
456 3166 585 3239 ἐσθίομεν]
601 3168 673 3222 idem
680 3167 827 3222 Manichaei
837 3168 953 3222 uetere
964 3168 1096 3235 solebant,
1108 3175 1138 3224 ut
1146 3171 1252 3241 chug.

94 3249 161 3304 lihn's
173 3251 300 3306 adversus
311 3253 437 3307 Faustum
448 3261 562 3325 apparet

154 3337 185 3390 N.
194 3355 233 3391 ιι.
252 3337 400 3409 Clariosque
408 3338 485 3409 λόγον
495 3339 672 3410 βλασφημίας]
690 3340 771 3394 Aliter
780 3337 1107 3394 haecmCanonicaludae
1116 3341 1250 3412 leguntur:

93 3419 120 3474 V.
132 3422 155 3476 9.
174 3420 206 3475 ‘0
219 3422 247 3474 δὲ
260 3423 361 3494 Μιχαὴλ
374 3422 387 3476 ὁ
400 3423 568 3496 ἀρχάγγελος,
586 3424 626 3478 ὅτε
643 3429 679 3494 τῷ
695 3423 805 3495 διαβόλῳ
818 3425 998 3496 διακρινόμενος
1010 3425 1132 3497 διελέγετο
1143 3428 1197 3499 περὶ
1208 3433 1251 3482 τοῦ

93 3505 214 3568 seuere<
227 3507 356 3580 σώματος,
374 3508 419 3562 οὐκ
436 3508 557 3580 ἐτόλμησε
572 3511 649 3582 κρίσιν
664 3509 798 3581 ἐπενεγκεῖν
811 3510 978 3580 βλασφημίαςε
1005 3512 1065 3564 Nou
1076 3531 1154 3566 aucus
1165 3526 1203 3568 est
1213 3521 1251 3568 εὐ-

93 3593 182 3645 dicium
190 3598 302 3658 inferre,
316 3605 341 3648 ei
352 3613 477 3650 accurare
486 3597 666 3667 blasphemiae.
684 3598 719 3650 At
729 3594 889 3668 Epiphanius
901 3597 981 3650 aliam
991 3597 1102 3652 ionum
1113 3601 1251 3656 lectionem

92 3682 205 3744 ιοαιιόιιιι,
218 3699 268 3732 non
279 3681 347 3744 tulit,
359 3681 456 3751 inquit,
468 3684 659 3753 blasphemium.

154 3761 198 3824 Ὦς
211 3764 254 3817 καὶ
266 3763 279 3816 d
292 3763 409 3836 μακάριος
420 3766 539 3836 Παῦλος]
566 3768 685 3822 Clemens
697 3768 772 3822 Alex.
789 3769 833 3822 lib.
846 3787 885 3826 ιιι.
901 3769 998 3830 Strern.
1011 3771 1123 3825 eundem
1139 3775 1250 3843 apostoli

91 3845 173 3902 locum
184 3851 270 3904 citam
281 3851 314 3903 sd
332 3852 460 3906 eiusmodi
476 3869 560 3923 genus
575 3851 764 3910 haereticorum
779 3855 907 3926 portinere
922 3860 1011 3926 putat:
1037 3855 1084 3907 lici
1100 3858 1134 3926 μή
1150 3875 1173 3910 ει
1188 3858 1249 3928 πρδς

93 3933 188 3995 τούτους
206 3931 373 3997 δᾶπόσεολος
388 3935 412 3990 ἐν
430 3941 459 4008 τῇ
476 3936 537 4007 πρός
553 3937 691 4010 Ῥωμαίους
706 3938 824 4011 ἐπιστολῇ
840 3938 1026 4010 ἀποτεινόμενος
1038 3939 1139 4012 γράφει,
1156 3942 1196 3994 καλ
1214 3943 1248 4012 μὴ

92 4017 168 4081 καθὼς
180 4021 405 4094 βλασφημούμεθα,
424 4022 464 4076 καὶ
482 4023 562 4084 καθώς
580 4024 640 4094 pusi
656 4043 715 4088 τινες
732 4025 796 4096 ἡμᾶς
814 4024 904 4096 λέγειν,
923 4023 960 4078 ὅτι
978 4027 1118 4096 ποιήσωμεν
1132 4026 1163 4080 τὰ
1174 4028 1246 4099 κακὰ,

89 4101 126 4154 ἵνα
135 4101 193 4175 ἔλθῃ
210 4104 242 4158 τὰ
253 4105 340 4177 ἀγαθά

153 4189 184 4245 N.
197 4209 256 4246 ιιιι.
283 4192 328 4245 llul
341 4192 417 4265 οἱμὲν
436 4193 651 4266 ἐνυπνιαζόμενοι]
677 4197 737 4251 Vox
753 4197 816 4250 haec
832 4195 1027 4268 ἐνυπνιαζόμενοι
1041 4197 1195 4270 invulgata
1210 4201 1249 4254 in·

90 4278 270 4345 terpretatione
286 4279 371 4345 deest,
393 4295 472 4351 quam
489 4281 522 4334 sd
539 4288 614 4352 turpe
630 4281 744 4336 lihidinis
761 4281 918 4352 profluvium
934 4281 1013 4338 reiert
1029 4282 1134 4338 Cecnm.
1152 4285 1248 4357 aliique

91 4361 212 4416 nonnulli.
229 4363 282 4417 Alii
292 4365 325 4418 nd
337 4381 452 4420 errorum
462 4383 646 4438 nugarumque
657 4367 766 4422 somnia.
785 4367 905 4422 Clemens
916 4368 1038 4424 Alemrrr.
1050 4368 1146 4427 Strcm.
1158 4371 1248 4426 adrer-

92 4461 133 4497 sus
149 4445 331 4519 Carpocratem
349 4452 497 4523 disputans:
516 4451 573 4504 Ἐπὶ
590 4453 684 4506 recreo
704 4448 772 4523 οἶμαι
793 4453 833 4506 sol
849 4455 898 4506 τῶν
916 4452 1009 4524 ὁμοίων
1026 4452 1140 4526 αἱρέσεων
1152 4473 1248 4528 προμη-

92 4534 159 4593 trader
171 4530 268 4586 Ἰούδαν
284 4532 308 4586 ἐν
325 4540 353 4606 τῇ
371 4535 486 4607 όπισιυλῇ
504 4535 628 4610 εἰρηκέναι.
642 4537 750 4610 Ὀμοίυις
763 4537 844 4608 μέντοι
857 4538 897 4592 καὶ
908 4533 978 4592 οὗτοι
998 4535 1200 4611 ἐνυπνιαζόμενοι·
1217 4541 1247 4596 οὗ

92 4614 135 4685 γὰρ
146 4617 211 4690 ῦπαρ
224 4623 253 4690 τῇ
265 4617 365 4693 ἀληθείᾳ
375 4619 555 4693 ἐπιβάλλουσι.
574 4625 697 4698 Sequitur
707 4624 792 4680 isaiae
803 4610 876 4684 locos
888 4640 910 4681 c.
919 4642 971 4682 ιιι.
984 4641 1051 4682 conr.
1064 4626 1112 4694 10.
1124 4628 1170 4685 nbi
1178 4628 1247 4700 quod
