3274 5154
324 440 465 498 cccxxtt

322 625 347 668 et
366 619 522 668 incruentam
544 618 699 684 sacrificinm
722 615 849 686 appellat,
878 623 906 670 ut
929 619 956 672 ei
977 617 1055 687 paulo
1079 623 1138 688 post
1161 616 1290 688 disjuncte
1312 615 1426 690 λατρείας
1449 617 1491 670 καί

322 698 473 771 οἰκονομίας,
496 707 521 754 st
541 701 569 754 in
587 702 705 754 herianis
726 699 796 756 haer.
817 719 915 756 nxxvrr.
934 701 977 769 τὴν
1001 701 1141 772 οἰκονομίαν
1164 707 1206 770 τῆς
1229 703 1354 773 λατρείας,
1377 703 1427 758 hoe
1450 713 1492 757 est

321 790 431 840 missam.
466 785 533 839 Nam
550 785 650 856 λατρεία
668 786 771 840 divinus
790 789 875 840 cultus
892 797 970 857 atque
989 788 1102 842 cilicium
1117 796 1167 852 est,
1187 789 1256 858 qnod
1274 789 1403 842 sacrificio
1416 807 1492 859 prae-

321 876 418 936 statum
440 869 567 946 οἰκονομία
588 874 776 926 incarnationis
799 875 980 944 passionisque
1003 873 1148 926 dominicae
1172 877 1325 942 mysterium
1347 875 1491 944 significat,

320 958 363 1010 cui
384 959 601 1027 repraesentando
624 959 774 1011 institutum
796 960 860 1012 illud
883 967 922 1012 est
944 975 960 1010 a
983 959 1029 1012 deo
1048 959 1214 1012 sacrificium.
1250 959 1306 1012 Etsi
1323 961 1350 1014 ln
1368 961 1490 1013 aerianis

320 1042 351 1096 N.
360 1061 399 1098 ιιι.
418 1045 570 1114 simpliciter
588 1041 740 1114 οἰκονομίαν,
760 1044 807 1097 hoc
819 1053 860 1097 est
872 1045 1033 1113 mysterium,
1051 1051 1133 1097 uocat.
1169 1044 1247 1096 Porro
1261 1045 1326 1098 ieris
1338 1045 1429 1114 quinta
1443 1045 1489 1098 do·

320 1129 430 1182 minicae
442 1131 572 1199 passionis
589 1129 615 1182 iu
629 1130 783 1199 quibusdam
801 1130 916 1182 ecclesiis
929 1129 1105 1199 ἀπονηστιςμάς
1124 1130 1187 1195 init,
1205 1147 1235 1181 ac
1244 1130 1337 1200 jejunii
1349 1131 1489 1194 relaxatio,

319 1221 348 1268 ut
365 1216 432 1284 hug.
450 1213 546 1268 indicat
563 1215 610 1284 Ep.
623 1231 715 1268 orvrrr.
734 1215 841 1284 Capru.
876 1215 948 1278 Quod
968 1215 1113 1268 Laodicena
1126 1213 1249 1284 Synodas
1268 1217 1388 1286 usurpari
1406 1218 1490 1268 vetuit

320 1299 383 1354 Gan.
395 1318 470 1354 sarx:
488 1298 548 1352 Ὅτι
566 1299 594 1351 οὖ
608 1299 644 1351 ta
655 1298 679 1350 όν
697 1305 880 1370 τεσσαρακοστῇ
899 1299 1027 1370 τῆόστέρᾳ
1039 1297 1157 1368 ἑβδομάδι
1169 1299 1211 1366 τὴν
1224 1300 1336 1371 πέμπτην
1354 1301 1427 1368 λόειν,
1446 1301 1488 1351 καί

320 1383 380 1450 όλην
397 1385 440 1452 τὴν
465 1385 661 1454 τεσσαρακοστὴν
679 1384 813 1455 ἀτιμάζειν,
839 1383 904 1436 ἀλλά
922 1387 958 1438 δεῖ
975 1387 1055 1437 πᾶσαν
1073 1385 1116 1452 τὴν
1143 1385 1338 1456 τεσσαρακοστὴν
1365 1387 1487 1452 νηστεύειν

320 1471 526 1546 ξηροφαγοῦντας.
561 1471 601 1523 Ex
619 1487 671 1540 quo
689 1472 792 1524 notabis
811 1473 894 1524 obiter
912 1473 1042 1541 passionis
1060 1471 1250 1524 hebdomadem
1269 1471 1487 1542 quadragesimae

319 1564 417 1626 partem
429 1573 495 1622 esse,
513 1573 565 1610 non
582 1556 614 1608 ab
632 1555 677 1610 illa
688 1555 844 1610 distinctam.
868 1557 992 1610 Trullana
1004 1573 1108 1628 quoqne
1120 1557 1242 1626 Synodus
1256 1557 1319 1610 Can.
1329 1575 1400 1610 xrrx.
1414 1556 1486 1626 qnod

319 1642 345 1694 in
363 1639 573 1711 Carthaginiensi
591 1639 706 1694 Concilio
730 1641 761 1695 ds
783 1642 848 1694 leria
870 1642 914 1695 illa
938 1643 1029 1712 quinta
1051 1643 1205 1695 nominatim
1229 1651 1367 1712 exceptum
1390 1642 1487 1706 inerat,

323 1726 355 1780 tlt
371 1736 536 1780 sacramenta
554 1729 649 1778 altaris
667 1731 766 1778 nonnisi
783 1747 800 1778 a
811 1729 909 1795 jejunis
927 1729 1066 1780 ltomr‘nidus
1080 1729 1244 1792 celebrentur,
1263 1739 1364 1796 eccepto
1376 1746 1424 1780 ana
1444 1731 1487 1780 dic

319 1817 505 1876 ascribes-sario,
523 1831 569 1881 pua
588 1830 666 1865 coena
685 1815 780 1864 domini
797 1813 940 1865 celebratur
958 1815 1012 1884 (qui
1025 1820 1064 1865 est
1077 1811 1163 1866 Carth.
1175 1831 1215 1866 ιιι.
1228 1813 1292 1866 Gan.
1306 1815 1389 1878 xxix.)
1408 1813 1486 1866 abro-

318 1898 404 1968 gavit,
422 1899 555 1966 vetuitque
572 1899 617 1950 illo
635 1897 676 1950 die
694 1898 759 1950 solvi
773 1897 913 1966 jejunium.
949 1903 982 1950 At
1000 1899 1163 1968 Augustinus
1186 1899 1212 1951 in
1230 1897 1347 1967 Epistola
1364 1899 1486 1967 proxime

318 1983 398 2036 citata
414 1983 547 2036 nonnullis
565 1983 593 2035 in
610 1983 727 2036 ecelesiis
744 1999 843 2036 morem
862 1984 943 2037 luisse
962 1983 1089 2048 declarat,
1108 1994 1135 2035 nt
1152 1985 1189 2035 ln
1201 1989 1289 2052 qnnrta
1305 1984 1409 2036 sabbati
1424 1983 1485 2036 Ιιεό·

318 2071 444 2122 demades
462 2069 565 2120 altimae
590 2071 816 2136 puadrapesa'mae,
844 2079 868 2120 et
885 2087 969 2131 marte,
997 2079 1021 2120 et
1038 2071 1074 2120 ad
1092 2088 1220 2138 conpetant
1239 2055 1386 2138 offerretur,
1412 2069 1484 2138 quod

317 2151 516 2224 improbandum
535 2168 592 2205 esse
609 2161 697 2221 negat.
731 2151 805 2217 Quod
822 2155 908 2224 ipsum
927 2154 988 2207 olim
1001 2155 1028 2206 in
1045 2161 1130 2206 vetere
1148 2154 1258 2206 ecclesia
1275 2154 1366 2207 ceteris
1389 2153 1483 2208 diebrm

319 2241 445 2294 usitatum
462 2238 557 2302 inisse,
575 2237 673 2291 indicat
691 2238 837 2308 Cyprianus
851 2239 932 2308 Epist.
945 2257 1019 2293 nam.
1038 2239 1097 2292 edit.
1112 2239 1182 2292 Pam.
1219 2237 1268 2290 Ubi
1286 2241 1425 2293 nonnullos
1443 2256 1482 2292 re·

319 2323 455 2396 prehendit
475 2325 520 2394 qai
542 2324 569 2377 in
592 2324 726 2376 matutinis
743 2324 877 2376 sacrificiis
894 2339 990 2394 aquam
1008 2325 1093 2378 solam
1110 2323 1327 2386 adhibebani,.ne
1340 2343 1391 2394 per
1407 2343 1483 2394 rapo·

318 2428 370 2462 rem
388 2415 443 2462 vini
459 2410 602 2462 redolerent
617 2415 764 2474 sanquinem
783 2409 887 2464 Christi.
921 2409 992 2474 Quos
1010 2411 1047 2463 ita
1064 2410 1189 2480 castigat:
1207 2411 1251 2460 An
1268 2411 1315 2462 illa
1327 2410 1377 2461 sibi
1388 2411 1483 2480 adipeis

319 2497 527 2564 contemplatione
544 2495 683 2560 blanditur,
701 2497 766 2563 quod
783 2499 830 2548 etsi
846 2514 919 2548 manc
937 2514 1006 2565 apua
1022 2497 1077 2548 sola
1095 2499 1184 2566 offerri
1200 2497 1307 2559 addetur,
1325 2506 1408 2547 tamen
1426 2514 1482 2547 can

320 2582 356 2632 ad
373 2581 528 2632 coenandum
546 2583 663 2642 verrimus,
681 2584 782 2632 meatem
802 2582 909 2634 calicem
927 2584 1062 2650 offerimus,
1080 2583 1126 2634 sed
1142 2599 1197 2633 cnm
1211 2599 1352 2646 coenamus,
1371 2583 1408 2633 ad
1424 2601 1483 2633 con·

318 2669 412 2718 nivium
430 2674 539 2718 nostium
555 2666 650 2734 plebem
669 2683 809 2717 conuocare
827 2685 874 2718 non
888 2685 1033 2736 possumus,
1060 2677 1086 2720 nt
1103 2668 1260 2718 sacramenti
1277 2670 1407 2718 ceritatem
1417 2671 1482 2734 fra·

319 2755 438 2804 tenuitate
460 2755 527 2803 amnt
545 2761 681 2820 praesente
708 2752 866 2806 celebremus.
902 2751 947 2803 Bis
965 2751 1045 2820 igitur
1067 2750 1195 2804 sacrificia
1212 2749 1336 2803 celebrari
1353 2751 1483 2814 solebant,

317 2852 408 2901 mans,
426 2842 451 2888 et
469 2836 574 2906 quidem
591 2835 707 2905 publice,
725 2841 781 2889 tum
799 2838 920 2907 privatim
939 2837 987 2890 snb
1007 2853 1148 2906 vesperam.

386 2921 432 2973 llal
450 2920 528 2982 οότως
546 2918 668 2988 ἀπόλυτα]
704 2919 835 2982 Ἀπόλνσις
853 2930 893 2977 est
909 2927 1000 2987 νιίεια,
1029 2923 1085 2974 slus
1108 2926 1205 2986 missio,
1231 2937 1293 2974 eum
1310 2921 1435 2974 dlaconus
1454 2935 1483 2974 re

317 3021 392 3060 sacra
408 3008 528 3060 coniecta
544 3008 670 3077 papulum
689 3008 802 3062 dimittit.
837 3009 921 3070 Qnare
939 3007 1133 3060 subaudiendus
1151 3013 1192 3060 est
1209 3004 1223 3058 ό
1241 3004 1361 3068 διάκονος.

385 3089 427 3143 Ἐν
439 3097 468 3163 τῇ
481 3091 641 3163 ἀναοτασίμῳ
659 3092 756 3162 ἡμέρη]
776 3093 880 3162 Ριομιίο
899 3091 994 3162 μεγάλη
1012 3091 1091 3164 ἡμέρα
1103 3091 1199 3164 pascha
1210 3093 1367 3146 nominatur.
1401 3089 1437 3143 Ut
1454 3093 1481 3144 in

316 3180 455 3249 Aneyrano
474 3178 535 3234 Oen.
548 3196 587 3232 vr:
612 3175 678 3239 idaia
702 3178 774 3248 μέχρι
798 3181 839 3244 τῆς
862 3177 971 3248 μεγάλης
994 3177 1085 3249 ἡμέρας
1108 3175 1138 3239 εἰς
1156 3173 1272 3247 ἀκρόασιν
1291 3177 1413 3246 δεχθῆναι.
1450 3175 1482 3228 Et

316 3265 441 3335 qnoniam
467 3265 494 3318 in
521 3264 679 3318 illustrandis
697 3265 791 3317 asteris
810 3265 934 3318 ecclcsiae
952 3265 1045 3318 ritibus
1062 3271 1172 3317 naratnr
1194 3281 1210 3316 a
1236 3265 1312 3316 nobis
1330 3278 1422 3334 opera,
1448 3263 1481 3315 de

318 3367 369 3403 nno
395 3351 509 3404 alterove
527 3351 648 3404 lectorem
675 3349 873 3402 admonebimus
892 3351 937 3419 qai
959 3367 1004 3419 per
1021 3350 1142 3402 solennes
1161 3347 1291 3418 paschatis
1309 3349 1389 3402 isrias
1406 3363 1481 3400 usur-

316 3437 372 3505 pari
389 3437 518 3490 solebant.
553 3437 602 3498 Qui
629 3435 678 3488 etsi
703 3434 736 3488 sd
753 3433 928 3504 Epiphaniam
950 3443 1067 3488 nostrum
1086 3434 1151 3488 nihil
1168 3434 1306 3487 admodum
1326 3435 1481 3504 pertineant,

315 3521 380 3574 alias
391 3527 479 3574 umen
491 3520 588 3574 habent
599 3521 818 3592 opportunitates,
837 3522 869 3573 ob
882 3537 947 3590 qaas
959 3521 1063 3573 illorum
1076 3538 1128 3572 non
1141 3519 1370 3590 praetermittenda
1382 3520 1481 3572 mentio

315 3606 424 3660 ridetur.
457 3606 573 3659 Primum
597 3608 677 3675 igitur
703 3623 749 3676 per
766 3605 825 3658 illos
844 3605 898 3658 diss
917 3622 933 3658 a
950 3605 1103 3659 Christianis
1122 3605 1321 3676 imperatoribus
1340 3605 1419 3656 uincti
1438 3621 1480 3656 ea-

315 3691 429 3762 pliviqae
446 3707 460 3744 s
478 3707 580 3744 earcere
598 3692 774 3744 mittebantur.
809 3690 930 3744 Monachi
942 3689 1067 3759 Eutychis
1080 3689 1203 3743 haeretiei
1215 3690 1241 3744 in
1260 3689 1348 3743 libello
1366 3689 1481 3760 supplici

315 3776 348 3829 ad
364 3775 596 3846 Pseudosynodnm
615 3775 772 3846 Ephesinsm
799 3776 826 3828 iu
845 3777 916 3828 Actis
935 3774 1088 3829 Chalcedon.
1111 3775 1220 3828 Goncilii
1237 3774 1269 3828 de
1287 3774 1328 3828 dis
1345 3773 1479 3845 paschatis

314 3861 465 3932 loquentes,
492 3859 546 3913 καθ’
564 3862 602 3927 ἢν,
628 3863 758 3930 inquiunt,
784 3858 866 3913 λύεται
883 3858 927 3932 pis
954 3865 1004 3922 τοῖς
1028 3860 1148 3921 πλείστοις
1166 3863 1214 3912 τῶν
1232 3858 1411 3931 ἡμαρτηκότων
1429 3855 1478 3910 ἀπὸ

314 3949 364 3998 τῶν
382 3946 458 4018 ἁγίων
477 3947 588 4017 ποτίμων
605 3943 676 4016 ἡμῶν
694 3943 725 3998 τά
742 3944 861 4016 ἐπιτίμια,
880 3945 963 3998 λύεται
981 3945 1007 3998 δέ
1025 3947 1092 4018 παρὰ
1109 3949 1158 3998 τῶν
1177 3945 1356 4014 βασιλευόντων
1373 3943 1413 3996 tnt
1429 3947 1478 3996 τῶν

314 4029 476 4104 ἰγκλημάτων
498 4031 529 4084 τά
550 4032 628 4103 δεσμὰ
645 4035 695 4094 τοῖς
713 4030 859 4093 ὑπευθύνοις.
895 4031 975 4085 Extat
992 4031 1081 4086 eadem
1100 4032 1130 4086 de
1148 4049 1176 4085 re
1193 4031 1277 4102 lmpp.
1294 4031 1478 4095 Valentiniani,

216 4191 219 4198 ,
314 4118 430 4173 Valentis
448 4124 473 4172 et
492 4118 611 4172 Gratiani
628 4119 781 4188 rescriptam
800 4135 856 4172 ειιι.
874 4116 905 4169 de
922 4117 1023 4188 indulg.
1040 4117 1102 4172 God.
1115 4115 1255 4172 Theodec:
1294 4117 1330 4170 Οό
1348 4120 1414 4170 diens
1428 4137 1479 4186 pe-

313 4203 392 4258 schae
409 4223 478 4274 pacm
496 4208 584 4258 intimo
602 4206 678 4257 corde
696 4204 865 4266 celebramus,
895 4204 1018 4268 omnibus,
1045 4213 1209 4272 quaerentes
1238 4207 1368 4272 astrinqr't‚
1385 4221 1480 4256 carcer

313 4291 557 4354 incantaionem
575 4291 740 4342 dissolvimus.
774 4288 856 4342 liuius
874 4289 950 4342 nobis
966 4289 1210 4342 commemorandae
1222 4287 1418 4343 consuetudinis
1436 4305 1479 4342 oc·

314 4376 445 4429 amionem
472 4374 543 4428 dedit
559 4374 738 4428 Themistiana
763 4374 892 4443 quaedam
921 4375 1016 4440 oratio,
1043 4375 1118 4444 cujus
1145 4381 1329 4446 argumentum
1352 4373 1479 4428 hactenns

314 4460 475 4529 ignoratum,
493 4477 540 4514 nee
559 4461 667 4515 anobis
685 4461 763 4513 etiem
780 4461 807 4512 in
825 4460 969 4514 norissima
986 4467 1076 4514 nonna
1093 4459 1204 4514 editione
1223 4460 1287 4514 satis
1306 4460 1479 4526 intellectum,

313 4546 455 4614 plurimam
472 4545 532 4600 huie
550 4545 725 4600 observationi
742 4545 852 4600 debebit.
886 4545 925 4599 Ea
936 4551 975 4600 sst
986 4546 1054 4598 inter
1065 4544 1257 4599 Themistianss
1269 4544 1359 4600 ordine
1376 4547 1481 4616 quinta,

313 4629 341 4682 in
358 4645 411 4699 qna
422 4629 561 4684 Theodosii
578 4632 687 4686 senioris
706 4632 870 4685 clementiam
887 4630 1127 4701 humanitatemque
1145 4632 1282 4703 praedicat.
1317 4631 1402 4694 Quam
1422 4634 1481 4702 qni-

314 4714 372 4768 dem
390 4717 534 4770 oratiarmna
553 4717 630 4786 vulgo
648 4733 802 4787 persuasum
820 4725 875 4772 erat
901 4719 1022 4772 omnibus
1049 4719 1082 4772 ad
1101 4717 1301 4772 Antiochenssm
1327 4718 1400 4772 illam
1420 4735 1479 4786 pro·
