3200 5158
331 347 469 404 cxxxvi

330 503 429 574 passim
441 503 636 561 dimittebatur
647 505 694 577 qui
703 505 820 560 futuram
830 507 995 562 neomeniam
1007 513 1034 562 et
1049 513 1159 600 emp
1171 509 1361 566 denuntiarent.
1382 510 1459 576 Quod
1468 513 1494 567 ai

331 607 392 644 ιιι.
405 589 445 644 die
457 592 530 644 testis
540 592 629 645 nulius
641 607 671 645 ac
680 592 827 662 speculator
836 591 965 659 ιιιιιιιιοι,
976 594 1107 648 tricesimo
1119 595 1203 665 primo
1213 597 1494 652 neomeniamdcdinie·

331 677 401 728 bant
435 675 475 730 lta
490 677 571 730 tiebat
587 683 616 730 ut
631 679 768 749 plenorum
778 692 954 749 casurumque
965 681 1095 734 mensium
1106 683 1238 736 successio
1249 697 1415 753 neququam
1430 701 1494 737 cou-

330 767 422 827 staret,
433 763 480 816 sed
492 770 521 817 ut
532 763 620 818 civiles
631 779 735 818 menses
747 763 780 817 ad
791 764 883 818 sideris
894 771 1029 835 aspectum
1037 764 1219 836 dirigerentur,
1230 773 1393 839 ntupum
1403 769 1496 838 glossa

331 847 412 904 docet.
437 848 536 903 Deinde
549 850 594 920 qui
604 851 695 921 procul
707 849 740 902 ab
752 866 783 902 eo
795 850 842 904 ubi
852 865 1000 916 consessus,
1010 851 1066 904 aire
1077 855 1125 942 pit
1142 857 1203 914 niz
1214 858 1279 918 erat,
1290 853 1454 919 habitabant,
1465 861 1495 908 ιιι

331 950 361 988 eo
373 935 467 1006 legati,
484 951 550 1005 qnos
565 905 689 1024 pinibus
699 935 848 1002 nominem,
865 941 920 990 tam
931 935 981 989 cito
993 937 1109 1007 aspirare
1119 953 1173 992 non
1184 944 1304 1010 possent,
1321 939 1401 994 biduo
1410 940 1495 994 intas

330 1021 481 1074 neomenias
497 1021 621 1091 agebant,
640 1020 710 1090 quod
725 1022 816 1074 incerti
832 1027 920 1075 assent
935 1022 1056 1092 quisnam
1066 1023 1121 1077 dies
1133 1040 1151 1077 a
1160 1025 1271 1079 concilio
1282 1025 1405 1080 definitus
1415 1033 1495 1080 mat.

330 1105 415 1176 Atque
423 1104 609 1177 hochodiaque
617 1106 705 1160 ludaei
713 1106 750 1160 illi
758 1105 871 1172 iaciunt,
883 1108 928 1177 qni
939 1113 1014 1161 extra
1024 1107 1135 1164 iudaeae
1143 1109 1210 1164 fines
1222 1108 1246 1164 ιν
1256 1111 1381 1182 διασπορᾷ
1387 1110 1495 1181 degunt

330 1191 368 1246 De
381 1209 432 1262 quo
444 1191 503 1244 ride
515 1207 571 1262 cap.
581 1210 605 1246 v.
617 1197 690 1246 tract.
701 1191 841 1246 Kiddnsch.

397 1277 454 1330 lam
470 1277 680 1332 intercalationes
696 1279 826 1332 mensium
838 1295 892 1332 non
903 1283 974 1332 certa
985 1266 1158 1351 descriptione
1169 1282 1335 1337 comtabant.
1369 1281 1495 1347 Quamuis

331 1365 401 1418 euim
409 1363 486 1416 tertio
496 1379 599 1433 quoque
611 1379 693 1428 anno,
704 1364 746 1418 rel
757 1364 888 1418 interdum
899 1364 1027 1430 secundo,
1038 1383 1169 1432 mensem,
1181 1367 1495 1437 quaeritantium

330 1454 403 1514 rent,
418 1453 508 1502 ιιιιιοιι
519 1465 645 1519 persaepe
656 1450 730 1502 aliter
742 1449 834 1516 fiebat,
851 1454 878 1502 et
894 1465 1083 1520 nonnunqum
1099 1452 1265 1506 intercalares
1282 1455 1348 1506 suni
1366 1453 1417 1508 dno
1434 1469 1496 1508 con·

331 1535 509 1588 tinuabantur.
540 1533 575 1586 lit
585 1534 690 1604 quidem
701 1535 829 1605 triplicem
840 1551 962 1588 causum
971 1536 1142 1590 intercalandi
1152 1553 1209 1608 cap.
1218 1555 1254 1592 rr.
1264 1538 1440 1593 Mnimcnides
1450 1555 1496 1592 ex·

331 1621 412 1690 ponit
445 1619 533 1672 Prima
545 1625 586 1672 est
596 1619 732 1691 Tekupha,
747 1621 803 1674 sire
814 1621 890 1675 cardo
902 1622 1060 1690 aequinoctii
1070 1623 1155 1687 verni,
1171 1623 1288 1694 quicum
1298 1624 1327 1678 in
1339 1643 1394 1680 ιιι.
1405 1623 1495 1688 Nisam

331 1711 378 1759 aut
392 1711 453 1777 post
467 1721 538 1769 eam,
556 1705 692 1770 inciderat,
709 1711 766 1758 tum
776 1705 845 1759 tdar
861 1706 1027 1760 intercalatae
1044 1711 1091 1760 est
1126 1707 1214 1763 Altera
1225 1725 1321 1762 caussa
1330 1715 1386 1774 eet,
1397 1711 1421 1763 si
1431 1726 1495 1763 non·

332 1792 395 1844 dum
411 1790 479 1843 Abib
497 1795 641 1860 appeteret,
659 1790 708 1844 hoc
725 1797 766 1844 est
782 1792 892 1846 necdum
909 1791 998 1862 fruges
1016 1809 1099 1846 novae
1115 1801 1232 1847 maturae
1250 1800 1352 1860 essem,
1372 1796 1495 1850 nimirum

332 1879 451 1940 autin
470 1881 566 1938 nutu
583 1880 655 1967 iili:
673 1846 806 1949 ἷιιὋιἾξ
824 1880 956 1970 Τῆιιιιι,
976 1877 1086 1943 iodea,
1104 1897 1134 1932 ιι
1150 1881 1237 1948 Ψιῖὖιιι
1251 1879 1333 1944 Omer,
1350 1885 1405 1934 ἰω
1416 1887 1496 1934 rana-

328 1967 405 2036 polca
416 1967 561 2034 offerretur,
574 1963 643 2033 quod
652 1908 766 2016 secunda
775 1961 815 2015 die
833 1977 984 2032 azymorum
998 1961 1086 2016 fiebat
1109 1963 1196 2018 Tertia
1212 1980 1306 2019 caussa
1317 1972 1372 2031 eet,
1384 1983 1445 2020 cum
1457 1983 1495 2020 ar·
1592 2005 1593 2026 ι

332 2055 425 2106 borum
436 2050 536 2104 ir'uotru
547 2050 663 2104 nondum
674 2050 868 2103 maturuisseut
891 2049 965 2102 sino
975 2048 1083 2120 iusuper
1094 2065 1204 2104 caussae
1214 2050 1325 2106 leuiores
1336 2052 1496 2106 madebant

332 2143 359 2192 et
369 2138 490 2192 tonuisse
503 2151 569 2206 quae
581 2153 636 2207 cap.
645 2155 681 2190 ιι.
693 2133 840 2188 traduntur:
857 2139 886 2188 nt
901 2136 924 2188 si
934 2135 985 2188 riis
1001 2135 1176 2206 portibusque
1190 2135 1280 2190 tracus
1292 2137 1452 2192 interclusus
1464 2137 1494 2190 ad

331 2223 429 2276 Urbem
440 2227 510 2276 esset
521 2222 620 2286 aditus,
632 2222 655 2275 ei
666 2222 736 2276 inrui
747 2221 863 2275 nondum
874 2221 977 2285 reiecti,
989 2222 1011 2274 si
1024 2219 1128 2290 longius
1141 2220 1289 2292 deportatus
1301 2233 1374 2276 esset
1383 2224 1495 2294 populus
1592 2283 1593 2286 Ἴ

333 2316 359 2363 et
369 2309 422 2362 alia
432 2309 458 2361 id
470 2324 561 2378 genua.
585 2307 638 2360 Sed
648 2307 772 2376 primaria
781 2306 951 2360 intercalandi
961 2321 1056 2360 caussa
1066 2306 1192 2378 ‘leknpha
1201 2307 1263 2373 init,
1280 2313 1311 2362 ut
1324 2309 1397 2362 iutra
1413 2317 1495 2363 certos
1592 2301 1593 2304 ¹

332 2395 426 2448 solaris
438 2394 500 2447 anni
511 2393 636 2446 terminos
653 2393 716 2446 luna
732 2392 900 2456 coerceretur,
917 2408 950 2445 ne
967 2392 1078 2448 nimium
1095 2401 1248 2463 erogaretur
1264 2409 1296 2446 ac
1310 2393 1442 2448 iustorum
1458 2411 1495 2448 ca

332 2479 465 2533 lebritates
476 2479 502 2532 in
515 2479 579 2532 alias
591 2483 668 2548 atquo
680 2478 745 2530 alias
762 2483 929 2550 tempestates
944 2477 1107 2542 transferret,
1125 2478 1195 2548 quod
1210 2479 1238 2531 in
1249 2479 1361 2533 Arabim
1378 2495 1452 2534 anno
1468 2497 1497 2534 ac

332 2565 419 2618 lunari
429 2564 541 2634 simplici
552 2568 579 2617 et
589 2564 675 2617 soluto
686 2564 815 2616 usuvenit
833 2563 884 2616 Sed
893 2579 960 2633 quae
968 2569 1026 2616 tum
1036 2563 1129 2617 solerie
1141 2577 1210 2618 anno
1220 2563 1359 2635 descriptio
1370 2581 1388 2618 a
1395 2565 1497 2620 ludaeis

334 2651 470 2706 observate
487 2650 532 2714 sit,
548 2653 640 2720 postea
658 2649 821 2702 disseremus.
852 2649 931 2704 Porro
943 2647 1010 2702 hano
1021 2649 1106 2718 ipsam
1117 2649 1180 2702 anni
1190 2649 1304 2704 formam
1314 2655 1402 2704 stante
1413 2651 1497 2706 adhuc

333 2737 429 2808 templo
451 2736 561 2790 necdum
583 2735 705 2806 dispersis
727 2735 830 2805 penitus
852 2734 953 2788 ludaeis
979 2740 1133 2806 usurpatum
1149 2749 1207 2788 esse
1222 2735 1290 2788 inter
1310 2735 1497 2792 Thalmadicos

334 2827 443 2876 constat
478 2821 541 2876 Post
555 2823 646 2892 templi
657 2821 804 2874 vassum
820 2819 1025 2892 profligatosque
1040 2820 1213 2874 ePalaeatiua
1223 2819 1346 2888 ludaeos,
1363 2837 1429 2876 cum
1445 2825 1496 2878 ian

333 2908 406 2962 nuilla
417 2906 529 2977 συνέδρια
540 2911 719 2978 superessent,
737 2907 818 2960 altera
833 2912 981 2976 temporum
993 2905 1192 2960 ordinandorum
1204 2911 1308 2960 serrata
1316 2908 1383 2962 ratio
1397 2915 1453 2976 est,
1471 2915 1498 2962 ut

334 3013 368 3048 ax
384 2995 480 3064 scripto
497 3009 527 3046 ac
543 2993 688 3046 mediorum
704 2997 822 3046 motuum
837 2992 933 3046 tabulis
950 2997 1099 3046 constantes
1122 2995 1149 3044 et
1165 2997 1250 3046 cenae
1266 2994 1424 3048 neomeniae
1440 3013 1497 3066 pro

333 3085 498 3151 ponerentur,
510 3095 544 3132 ex
555 3079 621 3148 cycli
632 3077 873 3131 decemnovennalis
885 3077 1018 3142 methodo,
1034 3094 1113 3148 quem
1129 3082 1236 3139 wrm
1247 3083 1343 3132 uocant
1359 3085 1386 3132 et
1404 3087 1496 3147 ww.

333 3167 381 3220 Hic
393 3170 433 3218 est
444 3181 527 3218 annus
538 3164 582 3218 ille
592 3163 746 3218 ludaeorum
758 3163 928 3227 recusimus,
941 3163 974 3216 ad
984 3162 1170 3216 medioslunae
1179 3169 1266 3218 motus
1274 3165 1495 3229 accommodatus,

335 3253 365 3306 de
377 3269 429 3320 quo
440 3251 529 3304 Moses
541 3264 598 3319 cap.
607 3266 641 3302 ιι.
654 3254 681 3302 et
691 3248 870 3318 sequentibus,
886 3254 942 3302 tum
954 3253 1073 3302 accurata
1083 3248 1180 3304 Paulus
1192 3247 1405 3320 Forosempron,
1422 3252 1495 3306 idun·

335 3342 419 3390 eterus
432 3340 458 3388 et
469 3334 586 3404 Scaliger
598 3335 693 3404 aliique
706 3333 876 3404 disputarunt
912 3333 978 3388 Cum
994 3333 1042 3386 hoc
1058 3331 1162 3388 Iudaico
1177 3350 1246 3388 auno
1264 3335 1422 3390 coniunctae
1436 3342 1494 3392 aunt

334 3422 457 3475 lanarum
473 3421 717 3490 noviluniorumque
730 3419 913 3474 translationes
930 3427 957 3472 et
967 3423 1107 3472 sexcentas
1118 3419 1184 3474 aliae
1195 3435 1293 3490 nugae,
1304 3437 1427 3474 morosae
1437 3422 1494 3477 iliae

335 3507 440 3578 quidem
452 3522 483 3558 ac
494 3505 645 3576 perplexae,
658 3505 704 3558 sed
712 3521 778 3575 quae
787 3504 851 3558 nihil
860 3504 891 3558 ad
901 3505 1049 3560 institutum
1056 3504 1493 3576 pertinent3uisis1quiddetrena·

334 3592 475 3646 lotionibus
487 3591 655 3661 postmodnm
666 3591 715 3644 erit
726 3589 864 3660 agendum.

402 3677 457 3731 Hae
469 3682 530 3730 sunt
545 3677 608 3730 anni
624 3676 692 3747 apud
703 3675 886 3730 Thalmndicos
903 3676 1039 3745 scriptores
1054 3675 1153 3730 iormae
1170 3675 1411 3748 descriptionesque
1422 3678 1493 3741 duae,

336 3761 446 3835 quarum
457 3763 526 3832 prior
539 3761 634 3816 Christi
644 3761 803 3832 temporibus
815 3779 848 3814 ex
864 3762 969 3816 illorum
984 3761 1106 3831 opinione
1123 3761 1257 3831 congruit,
1272 3763 1404 3832 posterior
1418 3764 1492 3832 longe

336 3854 427 3920 postea
437 3853 478 3902 est
491 3853 602 3917 recepta.
626 3845 751 3911 Quocirca
762 3863 815 3902 nou
826 3847 988 3902 mediocriter
999 3847 1122 3902 aberrant
1131 3847 1177 3918 qui
1187 3863 1221 3900 ex
1232 3847 1372 3902 recentiori
1383 3846 1433 3902 hac
1443 3863 1491 3902 rua·

336 3934 414 3988 thodo
425 3933 570 4003 mediisque
580 3934 658 3986 lunae
669 3933 784 3986 motibus
795 3937 883 3986 uetera
894 3931 1048 3986 ludaeorum
1059 3932 1139 3997 ieota,
1151 3931 1288 4002 praecipue
1300 3931 1446 4002 paschefie,
1456 3934 1491 3986 iu·

336 4021 432 4091 degere
450 4019 568 4083 student;
586 4017 654 4088 quod
665 4017 761 4071 Paulus
772 4016 966 4088 Forosemprou.
979 4019 1057 4073 anxie
1068 4019 1147 4072 nimis
1158 4023 1185 4071 et
1195 4017 1346 4088 scrupulose
1357 4017 1435 4084 iacit,
1451 4019 1490 4072 lib.

336 4125 393 4162 vui.
404 4105 485 4176 partis
497 4121 525 4158 ιι.
559 4103 649 4173 Neque
665 4105 753 4157 minus
769 4107 855 4159 emant
871 4103 916 4172 qui
926 4101 1010 4156 Phaee
1021 4101 1154 4156 Iudaicum
1164 4103 1228 4156 luna
1238 4121 1293 4158 xrs.
1305 4119 1341 4158 ex
1350 4103 1491 4158 mediorum

336 4197 455 4246 motuum
472 4190 597 4244 accuratis
615 4189 759 4244 rationibus
776 4188 955 4257 adstringunt,
978 4189 1187 4259 quandoquidem
1210 4188 1288 4242 biduo
1305 4205 1490 4260 nonnunquam

335 4283 397 4348 poet
404 4275 516 4332 medinm
525 4275 733 4330 coniunctionem
743 4272 812 4344 φάσις
821 4273 936 4328 accidere
944 4274 972 4327 in
981 4275 1085 4344 politico
1093 4290 1161 4328 anno
1171 4275 1262 4344 potuit
1280 4274 1319 4328 Da
1331 4291 1385 4345 quo
1396 4281 1489 4346 posen

402 4363 478 4416 Nunc
489 4361 558 4416 euim
570 4361 680 4414 aliorum
690 4365 751 4431 post
758 4360 890 4413 Hebraeos
898 4359 1038 4428 magistros
1046 4358 1217 4430 expendenda
1227 4359 1358 4414 mutantia
1368 4367 1421 4424 est,
1432 4359 1489 4414 Sce-

335 4448 411 4518 ligeri
421 4447 584 4517 cumprimis,
596 4447 641 4516 qui
651 4446 696 4500 lib.
708 4445 739 4498 de
750 4444 857 4498 Eruend.
869 4443 957 4514 'lamp
967 4463 996 4500 rr.
1009 4445 1147 4514 etinlsag.
1157 4443 1220 4498 (ian.
1231 4445 1336 4516 copiose
1346 4445 1381 4500 de
1391 4445 1489 4500 ludrica

337 4539 391 4588 tam
403 4539 488 4586 rotare
506 4548 585 4602 quern
601 4531 698 4586 recenti
714 4531 776 4584 anni
792 4531 877 4584 icrma
893 4528 1035 4599 disputarit
1050 4546 1084 4584 ex
1098 4529 1275 4584 Hebraeorum
1290 4530 1487 4586 commentariis.

237 4634 259 4676 a·
268 4621 312 4668 1⁵³·
337 4618 402 4686 Sed,
418 4623 449 4673 ut
464 4618 544 4684 solet,
561 4617 689 4688 permulta
704 4632 738 4670 ax
751 4616 858 4686 ingenio
870 4631 919 4670 suo
931 4615 1042 4670 conficta
1053 4630 1083 4668 ac
1093 4614 1160 4670 ialse
1170 4615 1323 4686 permiscet3
1339 4630 1409 4687 quse
1423 4614 1487 4678 alibi
