3216 5152
354 349 415 412 104
678 355 859 408 σνινιιοειν
876 355 913 406 nt
930 355 1085 408 urrunnu.
1104 355 1180 408 anu.

353 478 395 530 Sic
411 477 495 529 statim
513 486 582 545 post:
609 474 651 530 riu
669 475 714 543 μέν
731 477 793 532 lituu
811 477 886 543 (νοῦν)
906 472 974 545 εἶχε,
992 477 1036 530 τοῦ
1055 493 1082 529 τι
1101 475 1159 543 (leg.
1176 475 1216 540 δέ)
1235 475 1345 543 Χριστοῦ
1364 477 1424 544 (οἱον,
1440 481 1485 546 νοῦ)

353 563 501 629 ένεφορεῖτο.
536 573 562 612 ct
580 581 604 630 p.
618 566 666 613 994
683 563 776 629 (1099)
794 561 955 629 ἐνεφοροῦντο
971 561 1016 615 τοῦ
1035 561 1147 629 Χριστοῦ
1165 561 1216 613 νοῦ.
1250 561 1343 612 Pariter
1358 573 1411 629 past
1425 565 1486 631 paulo

352 658 487 716 peccatur:
516 647 626 714 Χριστοῦ
653 647 794 715 ἐνεφορεῖτο
818 647 889 707 νοῦν,
915 647 957 696 nbi
982 665 1064 697 rursus
1087 649 1130 699 νοῦ
1153 646 1318 697 scribendam.
1349 648 1487 700 Translatam

352 732 529 800 ἐμφορεῖσθαι,
546 737 631 796 repleri
647 737 728 796 utiquo
746 748 780 796 re,
800 732 946 798 genitivum,
964 749 1013 782 non
1030 731 1195 782 accusativum
1214 730 1336 783 adsciscit.
1368 732 1420 784 Vid.
1438 735 1488 784 tai-

352 817 475 869 metlvers.
493 817 520 867 in
539 821 564 868 S.
579 821 652 869 ucat.
673 820 690 868 l.
711 836 734 884 p.
752 823 793 866 81.
809 835 846 885 sq.

420 903 446 956 P.
463 905 513 952 990
528 903 631 970 (1029).
665 901 723 957 0ιά
747 904 810 956 τῶν
835 902 1027 956 τοκετικιῦν
1051 900 1175 970 τόρνον]
1202 902 1358 955 010111οι
1377 902 1400 952 in
1416 904 1490 953 Τ.ΙΙΙ.

353 1008 378 1057 ρ.
394 992 444 1038 982
460 992 554 1052 (1022)
582 999 607 1039 et
626 989 694 1039 cous.
713 991 743 1040 Τ.
760 991 801 1040 lll.
820 1007 845 1056 p.
864 991 913 1037 510
930 989 1022 1054 (1097)
1040 1011 1072 1032 ==
1092 988 1216 1055 nuaceph.
1232 1006 1257 1055 p.
1274 991 1323 1038 ⁵84
1338 989 1416 1054 (199).
1441 1007 1490 1040 κνο·

353 1071 476 1142 φορηθεὶς
492 1070 536 1128 omi
553 1076 706 1140 γεννητικῶν
723 1073 807 1141 πόρων
825 1068 1035 1142 utnusquam.

421 1161 449 1213 P.
469 1162 520 1209 400
541 1159 644 1225 (1091).
679 1159 736 1213 τοῦ
763 1159 884 1227 μικροῦ
909 1157 966 1211 καὶ
991 1158 1150 1227 βραχέως
1175 1155 1291 1226 λόγου]
1319 1157 1440 1227 Βραχέονς
1461 1159 1492 1210 sd.

353 1243 442 1305 assit,
462 1243 578 1314 βραχέως
595 1245 635 1296 ed.
656 1248 757 1306 Petam,
776 1255 907 1311 atrumque
924 1244 1036 1312 pessime.
1075 1243 1191 1295 Rescribe
1210 1243 1325 1313 βραχέος.

421 1331 449 1381 Ρ.
466 1332 516 1378 402
527 1331 629 1398 (1099).
664 1330 722 1384 tat
740 1327 777 1384 'tol
796 1329 880 1396 ἑξῆς
896 1329 1015 1396 ἴωμεν]
1034 1326 1091 1389 Τὰς
1107 1328 1168 1396 ἑξῆς
1184 1329 1342 1380 scribendum
1357 1347 1408 1378 esse
1423 1329 1491 1395 suspi-

355 1414 432 1479 ceris,
458 1413 516 1466 coll.
533 1425 618 1466 annot.
636 1417 660 1466 iu
679 1419 709 1468 Τ.
723 1419 766 1467 lli.
783 1433 808 1483 p.
819 1420 850 1465 08
867 1419 952 1477 (844).
987 1415 1075 1482 Neque
1091 1424 1173 1465 tamen
1190 1412 1223 1468 τὰ
1239 1413 1301 1482 ἑξῆς
1316 1424 1382 1466 stare
1398 1431 1442 1465 noa
1454 1432 1494 1482 pu-

354 1509 412 1551 test.
448 1499 505 1552 Viti
525 1511 609 1550 annot.
628 1500 654 1551 in
669 1503 700 1552 T.
715 1504 746 1553 ll.
764 1520 788 1570 p.
803 1505 852 1552 240
870 1501 954 1567 (599).

421 1586 448 1637 Ρ.
463 1589 513 1636 404
524 1587 626 1655 (1094).
652 1584 907 1653 asseveratione
924 1584 1076 1654 τέκνοις]
1095 1584 1222 1652 Scriptura
1239 1585 1417 1653 ποθηνοτοῐτοις
1429 1584 1494 1636 libra·

354 1669 392 1722 rio
411 1671 617 1724 Graecoburbero
635 1672 747 1723 debetur.
783 1673 885 1739 Repune
901 1666 1092 1730 ποθεινοτάτας.

422 1757 448 1808 Ρ.
466 1761 516 1806 400
536 1758 639 1826 (1090).
673 1755 728 1811 διὰ
754 1755 790 1811 τὸ
816 1753 946 1816 νωδοῦς
970 1750 1234 1825 ἀποτελεῖσθαι]
1261 1754 1372 1816 Νωδοῦς
1396 1759 1497 1808 coenatos

355 1841 420 1893 mals
437 1841 616 1910 interpretatur
630 1847 757 1915 Patauius3
774 1842 919 1893 uertendum
937 1851 1004 1892 erat:
1023 1846 1138 1894 attonitos.
1172 1844 1242 1892 Voce
1259 1839 1352 1907 νωδὸς,
1369 1841 1416 1891 hoc
1431 1839 1496 1906 signi·

354 1927 429 1980 ficata
444 1927 535 1994 posita,
555 1928 715 1979 Grammatici
732 1945 818 1979 vocem
836 1925 916 1988 ένεός,
934 1927 966 1977 de
984 1945 1031 1994 qua
1044 1927 1094 1977 vid.
1113 1937 1198 1978 annot.
1214 1927 1238 1977 in
1256 1929 1287 1978 T.
1306 1929 1325 1980 l.
1344 1944 1369 1994 p.
1380 1931 1424 1976 192
1440 1930 1497 1990 (90),

352 2011 458 2065 rctltlerc
475 2015 566 2066 soleat.
600 2014 658 2064 vid.
677 2016 795 2064 Rultnlten.
814 2013 845 2062 ad
864 2017 922 2064 Titn.
941 2015 1002 2063 Lex.
1018 2014 1081 2064 Voo.
1100 2012 1164 2063 Plat.
1185 2029 1210 2080 p.
1224 2017 1281 2062 102.

423 2100 449 2149 Ρ.
464 2103 515 2149 408
531 2099 633 2166 (1090).
665 2093 800 2151 Αῦτέκα
815 2101 860 2164 -)
880 2093 979 2151 Αῦτέκα
997 2098 1020 2147 in
1036 2097 1108 2148 initio
1124 2097 1300 2148 enuntiationis
1318 2097 1432 2166 positum,
1447 2115 1499 2163 pro-

354 2183 442 2235 bandis
461 2184 592 2234 sententiis
606 2184 720 2246 inservit,
739 2193 766 2232 ut
782 2185 838 2233 Lat.
853 2188 940 2234 statim.
968 2183 1023 2233 Virl.
1035 2185 1153 2234 Rultulttu.
1168 2182 1201 2232 ad
1212 2187 1271 2234 Tim.
1288 2184 1317 2233 L.
1334 2183 1364 2234 V.
1383 2182 1416 2232 Pl.
1435 2186 1497 2250 pne.

354 2267 471 2321 Petelina
489 2269 627 2320 insolenter
643 2269 837 2336 interpretatur:
856 2284 905 2320 ecte
923 2272 972 2321 tibi.
1175 2339 1177 2341 Ι

421 2355 449 2405 Ρ.
464 2358 514 2404 408
530 2355 632 2422 (1090).
666 2352 762 2424 Μετὰ
787 2351 934 2414 τούτους
960 2351 996 2408 oi
1022 2349 1184 2415 siccisne
1206 2353 1235 2407 οἱ
1256 2353 1329 2408 νέοι
1351 2350 1500 2411 Ἰουδαῖοι

353 2433 626 2506 α’λλεττσλλήλως
651 2440 692 2508 τῇ
720 2435 808 2511 αὐτῇ
838 2438 1054 2508 κεχρημένοι
1083 2433 1202 2507 ἀγωγῇ
1229 2440 1259 2491 ol
1285 2439 1345 2506 μὲν
1372 2439 1501 2508 φυσικοὶ

354 2517 523 2578 Ἰουδαῖοι
548 2522 637 2577 κατὰ
666 2523 778 2590 σάρκα
804 2521 862 2590 μὲν
888 2519 1101 2592 ἠρνήσαντο,
1129 2522 1285 2579 statuta
1309 2521 1502 2593 ἀρνούμενοι

354 2605 415 2674 τήν
439 2610 497 2661 τοῦ
521 2610 594 2662 υἱοῦ
614 2643 638 2659 ..
656 2608 885 2677 γνησιότητα,
908 2609 1039 2677 κτίσμα
1057 2607 1157 2664 utitis
1176 2611 1501 2680 u‚ortupupltouruul

356 2695 417 2744 Post
433 2689 525 2762 α’γωγῄ
543 2685 652 2764 0011οῆ.
679 2695 769 2746 Verbis
787 2695 810 2747 οἱ
827 2693 856 2748 δὲ
873 2696 915 2747 νῦν
926 2704 973 2744 oct.
991 2696 1075 2762 priora
1093 2697 1116 2748 cl
1133 2695 1182 2748 νέοι
1198 2691 1318 2750 Ἰουδαῖοι
1332 2709 1379 2747 cet.
1399 2715 1440 2764 per
1450 2713 1502 2745 aas·

358 2777 492 2829 coluthiani
510 2779 545 2829 ita
562 2789 723 2846 repetuntur,
742 2791 769 2829 ut
787 2779 928 2830 reserantur
945 2780 976 2830 ud
993 2780 1156 2847 interposita:
1181 2772 1202 2850 ᾖ
1219 2781 1242 2833 oi
1259 2780 1304 2848 μὲν
1322 2782 1426 2849 φυσικοὶ
1446 2777 1502 2832 'lou-

357 2865 424 2918 δαῖοι
440 2898 466 2914 ·.
484 2858 625 2934 η’ρνήσαντο
670 2865 877 2916 coniunctionem
904 2863 950 2932 plu
967 2867 1041 2917 etiam
1065 2866 1175 2933 optimae
1192 2877 1266 2917 uotae
1282 2867 1420 2935 scriptores
1435 2867 1503 2918 iater-

357 2947 416 3000 dum
430 2959 548 3018 repetunt
565 2950 589 3000 in
610 2951 699 3001 eodem
717 2950 854 3000 enuntiato.
890 2951 963 3001 Gonl.
980 2969 1002 3002 ν.
1018 2969 1038 3002 c.
1060 2957 1107 3002 Ast.
1127 2953 1186 3001 Lex.
1205 2950 1268 3002 Plat.
1286 2955 1318 3003 Τ.
1333 2955 1364 3002 ΙΙ.
1385 2972 1408 3020 p.
1418 2956 1470 3002 909.

425 3036 451 3086 Ρ.
469 3039 519 3085 408
534 3036 636 3104 (1097).
672 3033 787 3095 καθώς
805 3035 924 3105 εἰπεῖν]
944 3037 971 3086 ld
989 3047 1040 3087 est:
1060 3043 1085 3087 ut
1104 3040 1139 3087 itu
1155 3039 1244 3100 ἀίσσον,
1261 3038 1332 3105 quod
1352 3039 1446 3089 Graece
1459 3055 1503 3086 mc-

355 3119 508 3172 liusdicitur
524 3118 561 3181 ιῦς
577 3121 662 3175 εἰπεῖν.
699 3121 741 3171 Sic
756 3122 850 3172 Noster
866 3126 949 3189 p.422
966 3122 1066 3188 (1044).
1094 3125 1143 3171 454
1162 3123 1263 3188 (1002).
1289 3127 1340 3174 402
1359 3123 1503 3188 (tuentis).

356 3206 710 3273 mmnwaffl.

424 3292 452 3341 P.
466 3294 524 3341 408.
541 3309 579 3360 sq.
595 3293 697 3360 (1097).
732 3287 1027 3360 Tiplpoill'ri—
1045 3287 1181 3361 -ἧτερ
1199 3290 1503 3360 κελεῦσαθαι;)οιιῦ

357 3375 491 3444 quidquam
506 3387 610 3428 mutare.
644 3374 711 3430 Ἀλλ’
728 3371 747 3443 ἦ
766 3389 804 3428 est
820 3385 1001 3444 praeterquam,
1026 3383 1073 3430 nisi
1091 3379 1152 3446 (vid.
1167 3389 1253 3430 annot.
1273 3378 1299 3430 in
1316 3381 1349 3432 T.
1368 3381 1399 3431 ll.
1419 3398 1442 3448 p.
1455 3379 1501 3432 010.

359 3462 442 3528 749),
472 3470 497 3512 et
519 3463 594 3512 verba
611 3462 636 3516 τί
653 3461 701 3530 γὰρ
719 3457 774 3516 ἀλλ’
792 3457 812 3530 ἦ
832 3492 861 3502 -
882 3461 1011 3533 βούλονται
1031 3493 1058 3501 -
1078 3462 1189 3518 κελεύειν
1207 3466 1298 3531 μᾶλλον
1316 3465 1373 3533 2εῷ
1392 3459 1454 3532 ἧτιρ
1468 3478 1502 3514 κε·

314 3611 317 3618 .
357 3542 490 3606 tsuectuu
508 3545 559 3597 hoc
573 3546 619 3596 sibl
637 3548 735 3598 volunt:
756 3551 819 3610 0014
835 3554 896 3601 enim
913 3552 980 3600 atiud
997 3553 1203 3613 (00000001-
1214 3553 1257 3601 deu
1273 3555 1434 3614 praescribere
1446 3563 1504 3614 φισνν

357 3636 407 3684 eius
421 3637 551 3698 praeceptis
568 3638 723 3697 obtemperare
740 3637 851 3686 malunt?
876 3635 939 3686 sicut
954 3635 1067 3685 Petauius
1085 3644 1153 3685 recte
1170 3635 1251 3686 vertit
1288 3637 1459 3704 Quamquam,
1474 3633 1506 3682 cl·

355 3719 413 3786 lipsi
428 3729 541 3780 servate,
562 3729 658 3770 vertere
679 3721 792 3786 poterat:
820 3723 883 3782 Ouid
900 3724 961 3771 cuim
979 3723 1046 3771 uliud
1063 3723 1109 3771 nisi
1128 3750 1158 3759 -
1176 3725 1289 3772 molunt?
1325 3721 1385 3772 Vid.
1402 3725 1448 3773 Ast.
1463 3725 1507 3767 Αν-

356 3814 410 3856 not.
430 3805 456 3855 in
474 3807 535 3856 Plul.
553 3803 645 3855 phaed.
666 3824 689 3872 p.
703 3809 761 3854 527.

425 3890 451 3940 Ρ.
467 3895 517 3941 422
536 3891 637 3959 (1044).
672 3889 718 3944 Τὸ
747 3892 830 3954 ζῶον
857 3889 917 3957 μέν
944 3887 1020 3944 ἐστι
1043 3890 1268 3960 τραγότοτον]
1287 3891 1466 3962 Τραχῦτοιτον,
1487 3888 1509 3937 id

357 3985 395 4026 cst
420 3979 549 4040 asperrimo
574 3981 670 4040 animo,
697 3975 828 4044 legendum
852 3975 970 4027 coniicio.
1004 3976 1086 4027 Minus
1110 3976 1194 4044 placet
1214 3971 1375 4044 γοργᾶτατον.
1412 3979 1511 4029 Ρινανῖιιι

356 4061 433 4112 vertit
450 4065 644 4126 voracissimum,
662 4061 732 4129 quusi
749 4061 868 4127 scriptum
887 4072 954 4112 esset
971 4059 1120 4130 βορώτατσν.

424 4147 450 4198 Ρ.
466 4151 515 4198 420
530 4149 632 4215 (1040).
669 4144 718 4201 Tit
744 4144 779 4202 ol
803 4145 932 4214 γόνατα
955 4142 1059 4200 αῦτοῦ
1084 4146 1320 4214 ἐσκληκέασαν
1340 4147 1444 4213 δίκην
1461 4162 1511 4198 κο-

358 4230 481 4302 μήλων]
500 4235 599 4300 Respuo
614 4233 685 4284 nihili
702 4234 802 4283 verbum
821 4231 992 4299 έσκληκέασαν
1011 4243 1034 4282 et
1052 4249 1149 4301 repono
1165 4231 1344 4300 έσκληρίασαν.
1382 4233 1448 4283 Nata
1461 4238 1513 4280 suat

356 4319 478 4370 vocabula
494 4315 625 4386 σκληριᾶω
643 4331 669 4369 et
685 4317 842 4386 σκληρίασις,
861 4335 965 4386 quoram
981 4319 1048 4386 prins
1066 4335 1098 4369 co
1115 4329 1152 4368 est
1168 4335 1199 4368 ex
1215 4318 1348 4370 verborum
1363 4333 1468 4386 genere,
1485 4313 1513 4364 tle

357 4419 406 4471 quo
424 4402 475 4454 vid.
492 4407 588 4457 Lobeclt.
608 4405 640 4455 ad
658 4407 745 4467 Pluyn.
764 4423 788 4472 p.
800 4407 840 4455 79.
851 4421 888 4472 sq.
906 4420 979 4472 quem
996 4403 1022 4453 id
1041 4404 1143 4454 verbum
1162 4403 1300 4471 neglexisse
1318 4404 1404 4454 miror.

423 4489 450 4538 Ρ.
465 4494 517 4541 428
534 4491 636 4558 (1048).
670 4487 927 4554 τεκνοκνΐσκει]
955 4491 983 4540 lc
1003 4489 1092 4539 Lesica
1118 4489 1185 4539 refer
1203 4490 1305 4541 verbum
1321 4485 1512 4548 τεκνοκνΐσκιιν,

357 4580 572 4643 possumusne
589 4575 628 4626 νσΙ
646 4580 796 4630 τεκνοποιεῖν
811 4585 964 4642 usurpatum.
