3216 5152
241 465 246 473 ¹
353 377 427 436 mr

347 535 521 602 fabricatum,
538 535 670 603 omniaque
676 551 727 604 per
737 537 818 604 e'peum
823 537 904 604 sactu
922 541 947 588 et
956 538 1010 587 alne
1026 537 1083 605 s'p'so
1094 533 1160 586 ss'les'l
1170 538 1328 605 essesuctues
1339 541 1440 588 Μαίας
1447 551 1499 604 opo·

353 621 443 683 etolos,
455 636 488 672 αο
499 621 747 672 mendacissimorum
759 619 885 672 dominum
897 625 945 673 etc.

420 703 451 758 N.
463 722 498 758 rv.
515 701 575 758 'oo
586 703 693 770 Μιοϋσῆς
706 703 766 775 πρθς
778 703 822 772 τὴν
834 705 1050 778 σκληροκαρδίαν]
1067 704 1186 769 Quonam
1194 709 1271 777 pecto
1279 706 1368 760 hioses
1379 705 1499 760 idludaeis

352 790 498 860 permiserit
519 794 546 844 et
562 794 689 860 qnatenus
707 788 866 844 Christianis
883 790 1022 844 divortium
1042 790 1127 844 iacere
1148 792 1235 857 liceat,
1258 792 1375 862 pluribus
1397 790 1501 845 utholid

352 877 504 947 interpretes
522 875 554 929 sd
571 874 664 930 Matth.
680 893 735 932 ιιι.
753 875 885 946 θίσριιιοισ
908 875 1006 942 solent,
1030 892 1140 947 quorum
1161 879 1361 932 commentarios
1381 877 1500 931 consulare

352 961 461 1032 quisque
473 967 567 1033 potest.

420 1046 505 1118 Δῶρον
517 1049 554 1118 τῷ
567 1045 636 1118 θιῷ.]
660 1047 708 1100 Hic
725 1053 764 1100 est
774 1045 943 1101 difficillimus
955 1048 999 1101 ille
1011 1065 1045 1102 ex
1057 1047 1182 1102 Matthaei
1193 1065 1225 1102 ao
1235 1049 1318 1103 Marci
1330 1047 1459 1119 evengeiio
1470 1048 1501 1101 lc·

352 1149 411 1198 cus,
428 1148 504 1204 quem
522 1149 569 1204 pro
590 1131 694 1186 diversa
709 1133 917 1204 interpunctione
932 1135 1003 1186 varie
1018 1134 1172 1204 interpretes
1190 1139 1353 1206 acceperunt
1382 1133 1446 1188 Nam
1463 1139 1503 1186 aut

352 1219 459 1272 verbnm
472 1216 600 1288 ὠφεληθῇς
612 1233 671 1271 curn
683 1219 894 1272 antecedentibus
907 1220 1041 1290 copulatur
1052 1217 1101 1273 hoc
1112 1220 1202 1274 modo:
1232 1220 1327 1292 Δῶρον,
1339 1217 1354 1272 θ
1366 1216 1405 1272 lde
1416 1217 1440 1280 ἐξ
1450 1217 1501 1288 ἐμοῦ

353 1303 492 1376 ὠφεληθῇς,
504 1303 573 1374 apud
584 1303 702 1357 hiercuru
713 1319 787 1370 vero,
806 1301 901 1374 Ιίορβθν
914 1301 940 1374 (ὅ
951 1301 1001 1356 ίστι
1014 1305 1106 1376 δῶρον)
1117 1303 1132 1358 θ
1144 1303 1184 1357 lev
1195 1304 1221 1367 ἐξ
1232 1303 1292 1377 tpot
1308 1303 1445 1374 ὠφεληθῇςε
1463 1307 1504 1357 aul

352 1391 419 1444 inter
436 1387 496 1460 ίροῦ
513 1395 539 1442 et
551 1387 679 1459 ὠφεληθῇς
696 1389 869 1444 distinctionis
885 1397 949 1444 note
964 1391 1077 1459 ponitur.
1106 1389 1277 1444 Posteriorenr
1294 1389 1362 1444 hanc
1377 1391 1503 1443 lectionem

352 1477 433 1546 vulgo
444 1473 536 1528 Graeci
551 1474 652 1528 codices
666 1473 763 1529 habent
778 1491 889 1546 eamque
900 1475 1008 1529 Latinus
1019 1477 1146 1548 interpres
1158 1477 1282 1547 sequitur.
1299 1475 1369 1530 Nam
1379 1475 1416 1527 its
1425 1474 1502 1526 vertit:

353 1561 447 1614 Δίνοιιι
458 1563 619 1631 quodcunque
631 1569 667 1613 est
678 1579 708 1612 es
719 1579 768 1626 me,
781 1563 829 1614 rtet
837 1563 965 1632 prodeest,-
977 1562 1082 1632 perinde
1094 1579 1124 1616 sc
1136 1564 1158 1616 ei
1170 1563 1207 1616 itu
1218 1562 1345 1632 scriptum
1356 1565 1435 1614 esset:
1445 1558 1459 1611 θ
1468 1557 1502 1611 lle

280 1675 286 1688 ·
320 1675 326 1687 ·
352 1643 377 1708 ίξ
393 1643 453 1717 iperi
470 1640 500 1716 ᾖ,
519 1643 654 1717 ὠφεληθῇς.
681 1646 875 1700 Existimabam
889 1647 959 1701 enim
976 1663 1006 1700 ao
1022 1665 1084 1719 pree
1100 1665 1128 1702 se
1143 1648 1261 1701 ferebant
1272 1664 1306 1700 ex
1317 1645 1501 1700 Pharisaeorum

352 1731 541 1803 disciplinafilii
552 1747 594 1797 se,
606 1731 725 1786 eumden
737 1732 834 1802 aliquid
846 1747 892 1803 pro
905 1749 933 1786 se
945 1749 974 1786 uc
986 1734 1136 1804 perentibus
1149 1734 1203 1787 anis
1216 1731 1351 1798 offerrent,
1363 1731 1460 1786 abunde
1470 1731 1502 1784 oi-

351 1817 411 1872 iicio
424 1833 471 1872 suo
484 1817 655 1882 satisfecisse,
671 1833 756 1887 neque
773 1818 911 1888 quicquam
927 1818 1070 1889 dependere
1086 1819 1197 1889 emplius
1213 1819 1314 1874 dehere.
1341 1817 1393 1872 Sed
1403 1818 1501 1889 priorem

351 1903 502 1970 lectionem,
514 1919 581 1976 quse
591 1901 719 1974 ὠφεληθῇς
729 1903 904 1974 superioribus
914 1903 1041 1970 annectit,
1051 1903 1223 1975 Epiphanius,
1232 1903 1444 1972 Ghryeostomus,
1454 1903 1502 1956 alii·

352 2004 402 2060 que
416 1989 522 2056 Grseci,
537 2005 586 2043 nec
602 2005 655 2042 non
671 1993 698 2042 et
714 1987 796 2058 Syrus
807 1989 988 2060 paraphrastes
1000 1991 1161 2060 exprimunt:
1178 1987 1340 2061 Epiphanius
1352 1989 1452 2060 quidem
1461 1989 1501 2042 in-

351 2075 453 2146 primis,
464 2091 525 2130 cum
535 2074 643 2128 verbum
656 2072 784 2146 ὠφεληθῇς
796 2075 900 2128 inserit:
914 2075 994 2147 δῶρον
1006 2079 1044 2145 τῷ
1056 2075 1117 2145 θεῷ,
1133 2073 1148 2127 θ
1160 2072 1200 2127 dds
1213 2073 1342 2146 ὠφεληθῇς
1354 2073 1380 2136 ἐξ
1390 2073 1454 2145 θροῦ.
1469 2073 1501 2126 lta

351 2159 482 2232 Ohrysost,
493 2160 538 2214 lib.
551 2179 569 2214 r.
581 2161 608 2214 lu
619 2158 712 2215 Matth.
724 2159 812 2214 homil.
825 2161 950 2214 declarat:
969 2157 1111 2212 ἐπαίδευσαν
1123 2159 1180 2222 τοθς
1194 2159 1260 2221 vicus
1272 2159 1394 2230 εὐσεβείας
1405 2160 1500 2230 σχήματι

351 2249 509 2317 αατσφρονίίν
520 2247 570 2298 τῶν
582 2245 702 2316 scriptos.
725 2243 782 2306 Πῶς
794 2245 833 2298 ael
846 2245 890 2297 τίνι
902 2248 1002 2316 τρόπῳ,
1015 2243 1078 2306 mee
1090 2245 1191 2315 γονέων,
1204 2239 1261 2314 alere,
1273 2250 1311 2316 τῷ
1324 2246 1401 2316 narde,
1413 2247 1456 2306 Δίς
1466 2261 1500 2316 pot

350 2332 379 2385 ab
391 2331 516 2402 πρόβατον
524 2335 599 2383 τοῦτο
607 2328 622 2382 θ
631 2327 701 2402 ἔχεις,
710 2331 726 2397 ἢ
736 2332 778 2382 τθν
788 2332 894 2402 μόσχον,
906 2332 921 2397 η
934 2327 998 2383 ἄλλο
1010 2347 1032 2383 τι
1043 2335 1162 2400 τοιοῦτον,
1174 2326 1267 2402 ἔλεγον,
1279 2332 1369 2402 Δῶρόν
1379 2329 1428 2384 ἐστι
1438 2333 1500 2382 ruite

350 2421 387 2490 τῷ
400 2417 460 2488 θεῷ,
476 2415 491 2470 θ
507 2415 583 2477 θίλιις
598 2415 622 2477 di
639 2414 699 2486 ipsi
716 2413 884 2486 ὠφεληθῆναι,
900 2416 941 2469 sal
957 2417 987 2469 οὗ
1004 2417 1104 2470 δύνασαι
1115 2415 1207 2486 λαβίίν.
1232 2417 1330 2471 Verum
1342 2418 1453 2471 solennis
1462 2416 1500 2468 ills

349 2508 469 2558 votorum
480 2502 601 2566 iormuls,
613 2517 692 2572 qusm
704 2519 738 2556 ex
750 2503 935 2572 magistrorum
947 2503 1140 2558 commentariis
1152 2502 1184 2556 sd
1193 2521 1228 2556 vr.
1240 2502 1334 2556 iosuae
1345 2519 1403 2576 cap.
1413 2503 1499 2556 Masius

350 2589 460 2660 proiert,
471 2587 535 2642 mihi
547 2587 692 2642 certissima
702 2587 812 2643 videtur.
834 2586 902 2642 Nem
913 2604 974 2642 curn
986 2589 1080 2659 aliquis
1092 2588 1162 2658 apud
1173 2588 1283 2642 alterum
1294 2606 1331 2643 ex
1343 2588 1392 2644 hac
1402 2587 1501 2643 iormula

350 2679 440 2729 votum
449 2673 583 2738 emenso,
596 2679 655 2734 *uva
672 2678 790 2735 einim
809 2645 931 2744 ,¹1an
955 2677 1050 2762 φιηρ,
1072 2674 1218 2728 enarrem
1239 2683 1264 2727 ee
1281 2693 1324 2728 m
1346 2677 1434 2729 emsa
1452 2685 1501 2734 oe,

350 2761 470 2830 polcpeid
479 2761 545 2812 s'lled
555 2763 601 2824 eit,
613 2777 659 2829 pue
671 2777 716 2828 epo
728 2760 776 2812 tlhe'
782 2777 898 2830 ροοινσι,
915 2760 989 2820 netes
1001 2759 1192 2813 arbitrabantur
1203 2761 1276 2814 illum
1287 2760 1409 2814 beneficii
1419 2773 1500 2832 genere

350 2847 403 2900 ullo
415 2845 549 2917 prosequi,
564 2861 598 2898 ne
609 2851 744 2916 parentem
756 2845 860 2916 quidem
872 2845 972 2915 ipsum,
986 2860 1020 2899 ne
1033 2845 1101 2915 quod
1113 2845 1161 2898 deo
1173 2845 1272 2900 scilicet
1282 2846 1406 2900 devotum
1417 2851 1467 2910 est,
1479 2843 1501 2898 id

349 2931 471 2986 humanis
483 2929 626 2984 commodis
638 2931 741 2986 serviat
767 2931 837 2984 ilaec
848 2930 956 2986 hiasius.
984 2929 1054 2984 Sene
1066 2931 1169 3000 quidem
1180 2929 1365 3001 paraphrastes
1376 2933 1455 3002 Syrus
1464 2932 1500 2984 iis·

349 3017 409 3072 dem
420 3017 507 3071 verbis
518 3017 605 3070 locum
620 3015 694 3070 illum
710 3015 831 3081 reddidit,
849 3031 916 3086 qnae
932 3015 1001 3086 apud
1013 3015 1147 3070 Rebbinos
1157 3017 1286 3087 leguntur.
1311 3019 1349 3070 Ae
1360 3016 1500 3087 Scaligeriu

348 3105 476 3158 virulento
487 3103 532 3156 illo
541 3101 697 3157 Trihaeresii
705 3101 819 3156 lilencho
828 3103 968 3172 ellipticam
977 3101 1100 3172 loquendi
1108 3103 1235 3156 rationem
1243 3102 1280 3155 ita
1288 3104 1406 3175 supplet:
1418 3104 1499 3172 Δῶρον,

348 3187 363 3242 θ
375 3186 415 3241 lev
427 3185 451 3250 ίξ
463 3185 524 3259 ίμοΰ
536 3186 663 3259 ὠφεληθῇς
676 3185 754 3252 πάσης
767 3205 796 3258 με
809 3187 869 3257 erpho
881 3186 909 3240 ci
920 3191 990 3258 τιμῆς
1002 3185 1131 3257 ἐλευθεροῖ.
1157 3187 1209 3241 Sed
1224 3187 1273 3241 hec
1285 3205 1319 3241 ex
1331 3191 1451 3261 opinione
1460 3201 1500 3240 sus

349 3274 499 3340 ooniictum,
511 3290 564 3328 non
576 3289 610 3327 ex
622 3279 711 3326 autore
723 3273 776 3326 ullo
788 3273 980 3344 depromptum,
996 3272 1147 3326 divinationi
1158 3289 1188 3326 sc
1200 3273 1364 3328 coniecturae
1375 3275 1457 3346 potius
1466 3277 1498 3326 est

349 3375 427 3430 quam
439 3365 525 3413 certae
536 3375 567 3412 ae
577 3359 690 3429 liquidae
701 3359 804 3412 veritati
817 3359 991 3412 tribuendum.
1018 3357 1151 3411 Postremo
1168 3359 1195 3412 in
1211 3357 1260 3412 hoc
1274 3359 1368 3413 eodem
1383 3356 1497 3429 evangeli

348 3447 406 3500 loeo
417 3446 515 3516 ellipsis
528 3445 579 3498 alia
590 3445 730 3498 manifeste
740 3451 788 3497 est.
808 3443 951 3509 Nimirum,
963 3443 1111 3514 quicunque
1122 3443 1171 3500 hcc
1183 3444 1277 3498 dixerit
1287 3445 1356 3517 patri
1368 3461 1427 3510 suo,
1437 3443 1497 3498 nulls

349 3531 472 3585 adversm
484 3530 558 3584 iilum
570 3530 728 3600 obligatione
738 3531 938 3600 constringetur,
951 3529 992 3582 vel
1003 3531 1074 3583 nulla
1085 3546 1112 3584 re
1124 3531 1148 3583 ei
1159 3530 1347 3596 commodabit;
1360 3531 1426 3602 quod
1436 3543 1496 3583 num

348 3635 385 3673 rx.
400 3615 557 3688 Epiphanius
568 3617 691 3671 insinuem

415 3701 446 3756 N.
458 3719 483 3757 v,
495 3701 540 3771 Τῷ
551 3700 642 3771 χείρονι
658 3701 698 3752 sal
710 3699 753 3768 τὴν
765 3699 879 3768 ἀδικίαι]
895 3700 965 3755 Fert.
976 3705 1006 3772 τῇ
1018 3698 1107 3772 ἀδικίᾳ.

415 3783 462 3840 Ἔν
475 3804 499 3840 τι
511 3789 562 3848 τοῖς
575 3781 659 3847 ἄλλοις
672 3786 874 3858 καταριθμεῖται]
889 3787 960 3840 Haec
971 3787 1058 3840 minus
1070 3786 1190 3857 expedita
1201 3803 1231 3840 sc
1242 3787 1341 3858 liquida
1349 3785 1495 3860 mihi-videu-

347 3879 402 3939 tur;
413 3873 517 3926 tametsi
528 3879 659 3942 utcunque
671 3873 827 3926 sententiam
839 3873 1024 3943 expressimus.

415 3957 459 4020 Ὦς
477 3956 611 4028 ὦριηιίνης
628 3961 703 4010 τοῦτο
718 3955 829 4028 iusim]
855 3957 918 4029 Leg.
931 3955 962 4019 είς
976 3947 1058 4010 Ιτοῦτο,
1085 3958 1222 4012 Gaetsrum
1233 3957 1338 4014 videam
1352 3959 1426 4014 huius
1440 3964 1494 4010 un·

347 4045 416 4116 poris
428 4043 563 4108 haeretici,
581 4059 722 4114 quemnam
738 4044 789 4096 eibi
804 4044 1005 4114 pertinacissimi
1018 4059 1048 4096 ao
1061 4045 1196 4098 vanissimi
1206 4045 1299 4098 enoris
1310 4046 1458 4116 magistrum
1468 4057 1494 4094 ac

347 4135 486 4201 φαθσοιιιιιιι
497 4129 647 4195 ασσίαοσίιιθ,
663 4129 726 4182 Δανα
742 4129 840 4182 ieiunia
854 4129 929 4182 statis
944 4129 1104 4200 temporibus
1120 4130 1216 4184 indicta
1226 4145 1256 4182 ac
1268 4135 1396 4186 cestorum
1407 4130 1493 4183 dierum
1579 4123 1580 4155 ί

346 4217 499 4287 religionem
511 4215 644 4270 dsmnant

413 4301 445 4356 N.
457 4319 502 4356 tu.
520 4299 558 4352 Δι’
570 4295 663 4371 ὀλίγων
675 4297 787 4372 εἰρημένα
799 4299 844 4353 ote
856 4297 985 4368 ἠτίνησα]
1001 4300 1071 4358 Fert.
1084 4299 1213 4372 ἐφθόνησα

414 4385 444 4440 N.
457 4405 514 4442 vnr.
538 4386 585 4438 liat
602 4385 775 4457 Στησίχορον]
808 4385 972 4440 Stesichorus
988 4387 1121 4442 iabulosss
1138 4388 1245 4442 deorum
1261 4389 1395 4460 prosapias
1411 4383 1491 4441 deseri·

346 4479 446 4544 pserat,
459 4479 487 4526 ut
497 4473 560 4526 slibi
569 4472 667 4527 indicat
678 4471 845 4544 Epiphanius.

414 4555 445 4612 il.
457 4577 494 4612 rr.
518 4555 572 4610 Elei
590 4557 617 4610 θλ
635 4552 705 4610 adrat
722 4559 855 4630 τίσσσρις]
895 4557 1011 4623 Quatnor
1027 4559 1096 4630 apud
1112 4561 1247 4614 Hebraeos
1263 4561 1430 4632 Δενπρώσεων
1444 4557 1491 4610 rive

346 4643 526 4698 inditionum
540 4659 637 4714 genera
645 4651 786 4715 percenset
812 4645 927 4700 Primum
936 4651 977 4700 est
985 4645 1054 4718 quod
1061 4647 1129 4700 hiasi
1137 4647 1293 4714 inscribitur,
1305 4647 1410 4702 alterum
1417 4641 1490 4698 lisbhi
