3252 5158
128 597 209 649 uera,
218 582 270 636 alia
281 582 403 652 martura
413 587 440 636 et
450 582 583 653 capitalia,
600 597 668 653 quae
683 582 838 637 nominatim
850 597 963 636 canones
974 580 1218 652 complectebantur,
1236 581 1291 650 qui-

128 667 230 738 busque
238 668 344 738 publicu
351 667 511 738 poenitentia
521 683 586 738 opus
596 673 663 733 erat,
674 667 771 722 leviora
783 669 874 732 altera,
891 666 939 722 hoc
951 673 990 720 est
1001 682 1016 720 a
1028 667 1171 720 canonibus
1180 671 1291 736 praeter·

127 751 179 816 lta,
196 754 286 823 primia
297 754 423 807 ecclesiae
435 753 607 823 temporibus,
624 753 668 824 qul
685 770 713 806 se
728 754 821 824 prioris
837 753 940 822 generis
957 753 1070 822 peccatis
1083 751 1293 817 obstrinxissent,

128 837 162 890 sd
179 838 317 908 episcopos
332 838 503 908 utplurimum
520 837 645 892 adeuntes
658 840 843 910 praescriptam
856 839 932 891 abiis
945 838 1131 908 poenitentiam
1144 837 1291 906 explebant

126 923 166 976 Ac
183 923 207 975 si
224 924 282 992 quis
297 924 474 977 vetustissima
490 923 651 976 monimenta
668 923 817 993 diligentius
835 924 964 994 exploret,
982 924 1096 976 inveniet
1112 921 1145 974 ab
1163 921 1291 991 episcopis

126 1007 194 1078 ipsis
203 1007 381 1061 administrma
391 1007 471 1062 terme
481 1009 583 1074 omnia,
595 1023 662 1080 quas
672 1009 705 1061 ad
713 1009 873 1078 poenitentes
882 1009 1037 1072 attinebant,
1049 1024 1108 1061 cnm
1120 1013 1147 1060 et
1156 1007 1292 1077 pauciores

127 1091 214 1146 adbuc
223 1091 470 1159 Christiauilorsnt,
481 1094 614 1147 etrariora
622 1094 728 1158 delicta,
741 1109 807 1164 quas
816 1094 947 1164 publicem
955 1093 1140 1164 poeaitentiam
1148 1093 1292 1161 exigerent

127 1176 304 1248 Posteaquam
315 1195 377 1232 vero
388 1179 484 1249 pariter
495 1185 521 1232 et
530 1178 646 1233 fidelium
658 1195 794 1242 numerus,
811 1185 837 1231 et
852 1180 957 1232 maioris
974 1179 1020 1231 illa
1029 1179 1204 1248 poeniteutiae
1215 1192 1291 1247 seges

127 1264 257 1328 excrevit,
269 1264 391 1334 graviora
402 1265 501 1318 scilicet
511 1263 682 1335 capitalisque
694 1264 815 1327 crimina,
827 1279 886 1317 cum
900 1279 966 1317 unus
978 1279 1025 1333 par
1038 1263 1158 1316 omnibus
1169 1279 1227 1316 case
1238 1279 1292 1315 uon
1317 1282 1339 1322 a.
1347 1268 1392 1314 att.

127 1356 219 1420 posset
230 1349 382 1420 episcopus,
398 1349 525 1402 vicariurn
536 1349 586 1403 sibi
598 1350 778 1419 presbyteram
790 1349 935 1414 substituit,
953 1365 1004 1418 quo
1016 1365 1075 1402 cum
1087 1349 1201 1402 laborem
1213 1349 1292 1419 parti·

127 1440 207 1499 ratur,
225 1435 321 1504 quique
337 1435 369 1487 iis
381 1433 546 1505 potissimum
559 1433 693 1488 audiendis
704 1441 809 1487 vacaret
820 1435 864 1504 qni
875 1434 981 1504 publica
991 1434 1150 1504 poenitentia
1165 1449 1198 1486 ex
1215 1448 1292 1486 cauo·

127 1537 192 1573 num
204 1519 340 1573 sanctione
352 1526 508 1574 tenerentur.
542 1519 609 1574 Nam
621 1536 680 1583 eos,
692 1519 737 1589 qui
748 1520 875 1589 privatam
886 1518 1066 1572 tautummodo
1078 1518 1265 1582 desiderarent,
1277 1531 1294 1570 ι

127 1604 314 1658 minutioribus
326 1605 483 1674 presbyteris
496 1604 630 1658 absolutos
647 1620 706 1658 essa
722 1603 844 1657 credibile
860 1603 898 1656 fia
932 1603 965 1656 lit
983 1604 1087 1674 quidem
1106 1605 1166 1657 olim
1185 1603 1293 1659 abseuts

127 1691 252 1761 episcopo
263 1704 451 1759 nonnunquam
463 1706 479 1743 a
491 1690 648 1760 presbyteris
660 1689 820 1743 reconciliari
830 1690 992 1759 poenitentes
1005 1688 1137 1753 solebaut3
1149 1689 1194 1742 sed
1207 1697 1292 1740 extra-

128 1775 290 1828 ordinarium
300 1775 341 1828 ius
353 1774 416 1827 illud
428 1780 497 1840 erat,
513 1780 539 1828 et
553 1773 691 1828 identidem
704 1775 737 1828 ab
750 1776 870 1845 episcopo
882 1775 1048 1839 mandatum,
1065 1791 1118 1826 non
1135 1773 1293 1830 ordinariam

127 1875 158 1913 ac
167 1861 247 1913 certis
256 1858 405 1913 bominibus
414 1860 441 1914 in
450 1866 603 1930 perpetuum
613 1861 774 1914 attributum.
793 1858 876 1924 Quare
887 1859 992 1930 utapud
1001 1859 1134 1914 Romanos
1143 1859 1293 1930 capitalium

127 1961 282 2000 massuram
294 1946 409 2015 cognitio
418 1945 530 2015 prinam
540 1952 670 2011 asenatn,
682 1946 782 2016 quoties
795 1961 861 2016 opus
873 1950 940 2010 erat,
953 1946 1089 1999 consulum
1101 1945 1186 2009 alteri,
1203 1944 1293 1997 ambo·

126 2031 223 2095 busve,
241 2036 286 2084 aut
298 2030 355 2082 aliis
366 2029 564 2100 magistratibus
576 2031 795 2096 committebatur,
812 2037 903 2101 postea
919 2032 1071 2100 quaestione
1082 2031 1188 2100 publica
1198 2029 1293 2083 consti·

127 2121 184 2170 tnta
196 2116 310 2186 singulis
322 2115 487 2180 criminibus,
505 2131 572 2186 qnae
585 2115 689 2186 quidem
702 2116 940 2181 conticescamus,
957 2131 1019 2169 suus
1036 2121 1077 2168 est
1087 2115 1165 2168 iudex
1178 2131 1208 2167 ac
1219 2131 1292 2185 prae·

128 2207 169 2255 tor
180 2201 330 2272 appositum
343 2201 379 2254 sic
392 2201 419 2254 iu
432 2201 542 2254 ecclesia
555 2200 685 2270 qnondam
697 2200 886 2271 poenitentium
898 2217 1004 2254 caussas
1017 2201 1110 2270 qulbus
1122 2201 1200 2253 vellet
1212 2201 1293 2254 disce-

127 2286 239 2356 ptandaa
251 2285 392 2340 mandabat
408 2286 559 2357 episcopus,
575 2292 667 2357 postea
683 2292 815 2339 certasse
831 2293 972 2357 perpetuus
989 2287 1139 2356 graviorum
1155 2287 1292 2342 criminum

127 2371 222 2435 ludex,
234 2369 283 2424 hoo
295 2377 336 2424 est
346 2371 466 2442 publicas
477 2371 654 2442 poenitentiae
665 2370 859 2424 administrator
870 2373 1004 2425 institutus
1017 2379 1064 2424 est
1087 2371 1221 2425 Eiusmodi
1232 2388 1293 2442 pce·

128 2457 293 2510 nitentiarius
305 2457 348 2510 ille
360 2458 496 2527 presbyter
507 2456 569 2520 tola,
581 2457 724 2510 orientibus
736 2455 902 2522 Naeuianis,
914 2458 937 2510 si
948 2456 1094 2510 Noratiauo
1106 2456 1227 2510 historico
1240 2473 1293 2510 cre·

129 2541 228 2606 dimus,
239 2557 256 2594 a
267 2540 401 2596 catholicis
413 2541 536 2596 adscitam.
559 2541 629 2595 ldam
640 2547 733 2613 postoa
745 2542 827 2612 stupri
837 2543 908 2595 illius
921 2543 1056 2596 occasione
1069 2541 1295 2613 Constantinopoli

128 2629 263 2693 sublatus,
273 2628 668 2698 unaquecumscpoeuitentiae
678 2627 1037 2699 publicaausnsinterruptus
1047 2636 1093 2682 est.
1110 2628 1294 2694 Poeulteutiae,

128 2713 252 2784 inquam,
268 2729 322 2766 uon
339 2712 510 2766 confessionis
527 2712 661 2782 publicae,
679 2728 746 2782 quae
761 2713 833 2766 nulla
849 2729 965 2783 uuquam
982 2715 1007 2766 in
1024 2730 1111 2767 rerum
1127 2723 1221 2766 natura
1236 2713 1293 2769 luit.

129 2797 205 2862 Quod
216 2798 286 2850 anim
298 2797 402 2868 publica
414 2797 542 2851 duntaxat
552 2797 714 2868 poenitentia
725 2813 846 2868 supressa
857 2800 902 2864 sit,
920 2799 961 2853 rel
979 2804 1055 2851 antor
1065 2800 1121 2870 ipse
1132 2805 1192 2868 post
1203 2798 1294 2852 Socra-

130 2889 183 2937 tem
194 2883 351 2937 narrationis
366 2883 436 2936 illius
448 2881 608 2936 Soaouaeuna
625 2882 751 2948 ostendit,
770 2885 813 2952 qui
830 2882 912 2947 idern,
931 2884 999 2952 quod
1013 2883 1237 2954 Constantinopoli
1249 2884 1293 2936 ab·

128 2977 253 3039 rogatum
273 2969 387 3034 dixerat,
408 2967 471 3020 alibi
490 2973 630 3032 terrarum,
653 2974 679 3020 et
695 2968 723 3020 in
741 2968 874 3021 occidente
891 2984 921 3021 ac
939 2969 1037 3022 Romae
1056 2969 1218 3038 potissimum
1237 2985 1294 3038 per-

129 3069 264 3108 asrerasae
281 3053 369 3117 docet;
390 3052 460 3124 qnod
480 3053 625 3106 cuiusmodi
643 3059 713 3106 esset
729 3069 863 3124 exponens
884 3054 984 3106 nullum
1005 3055 1085 3106 alium
1105 3053 1156 3106 nlsl
1172 3054 1293 3123 publicas

129 3139 305 3211 poenitentiae
317 3140 395 3193 ritum
407 3137 551 3210 significat,
563 3139 661 3192 luctum
670 3137 803 3202 videlicet,
814 3138 943 3208 lacrymas
955 3153 1014 3190 cnm
1026 3139 1213 3208 poenitentium
1225 3140 1293 3209 ipso·

129 3241 202 3290 rum,
218 3231 275 3277 tnui
287 3225 401 3295 episcopi
413 3225 496 3296 ipsius
509 3239 538 3276 ao
549 3224 630 3277 totius
641 3225 745 3294 populi,
761 3223 793 3276 ad
805 3223 868 3278 haec
880 3224 989 3287 ieiunia,
1006 3225 1108 3276 crebras
1121 3225 1250 3278 orationes
1262 3240 1293 3278 ao

130 3311 272 3374 medones,
283 3317 408 3363 sexcenta
419 3309 446 3362 id
458 3325 556 3379 genus,
569 3325 679 3380 quorum
690 3309 717 3362 in
727 3310 857 3362 veteribus
867 3309 982 3362 conciliis
993 3325 1023 3361 ac
1032 3318 1180 3362 sanctornm
1189 3317 1294 3380 patrum

129 3396 307 3450 monumentis
318 3395 440 3466 frequens
452 3401 492 3448 est
503 3401 529 3447 et
539 3399 660 3448 wcnrata
672 3395 777 3449 mentio.
812 3393 938 3465 Nusplam
955 3403 1040 3448 autem
1059 3395 1176 3465 publicae
1193 3395 1293 3448 contes-

130 3483 213 3536 siouis
225 3497 301 3534 usum
313 3497 346 3533 ne
358 3479 433 3534 litera
445 3480 547 3550 quidem
561 3481 670 3549 attigere
682 3477 802 3533 Socrates
817 3496 847 3532 ac
860 3480 1033 3544 Socomeuus;
1051 3497 1134 3550 neque
1150 3497 1226 3550 porro
1242 3482 1293 3551 pri·

130 3575 221 3632 ratas,
238 3567 279 3619 rel
290 3565 473 3630 confessionis,
490 3566 531 3618 rel
548 3565 723 3635 poenitentiae
739 3566 924 3630 meminerunt3
943 3581 1021 3636 quam
1039 3573 1175 3636 utramque
1193 3566 1293 3619 salvam

130 3659 210 3724 atque
228 3652 383 3706 incolumem
401 3652 479 3704 etiam
498 3649 723 3722 Constantinopoli
741 3651 868 3704 mansisse
886 3653 984 3705 nemini
1004 3650 1110 3705 dubium
1132 3668 1189 3705 esse
1210 3651 1293 3708 debet.

130 3739 221 3809 lisque
235 3751 382 3808 quenquam
394 3741 509 3801 moveat,
526 3736 595 3806 qnod
608 3735 728 3790 Socrates
742 3737 858 3800 subiicit,
875 3737 1066 3791 Eudaemonem
1079 3738 1172 3803 istum,
1188 3739 1231 3808 qni
1244 3736 1293 3791 Na-

130 3823 212 3877 ctaric
230 3821 375 3892 abrogandi
391 3821 583 3891 poenitentiarii
604 3821 749 3891 presbyteri
766 3823 904 3875 consilium
924 3822 1004 3886 dedit,
1025 3821 1155 3876 humatum
1177 3839 1245 3887 esse,
1265 3827 1295 3876 ut

131 3923 345 3978 unumquemque
357 3922 421 3961 suae
433 3906 606 3960 conscientias
618 3907 786 3976 relinqueret:
798 3910 959 3978 συγχωρῆσαι
971 3905 997 3960 δὲ
1009 3905 1111 3960 ἕκαστον
1123 3913 1160 3978 τῷ
1172 3905 1226 3978 ἰδίῳ
1239 3925 1293 3959 συν-

132 3994 206 4048 ειδότι
217 3996 267 4045 τῶν
280 3991 419 4063 μυστηρίων
432 3990 552 4061 patipati:
582 3991 616 4044 Ut
629 4001 719 4061 suapte
731 3997 886 4044 cociacc‘eots'u
891 3998 978 4061 fretus
996 3998 1094 4062 eiusque
1110 4003 1209 4045 secatus
1225 3993 1294 4044 orbi·

132 4084 207 4132 tricas
219 4081 339 4146 mystes-m
353 4086 502 4146 capesseret.
520 4075 586 4129 Nam
598 4076 662 4129 illud
673 4076 740 4130 inter
752 4077 913 4148 antiquitatis
925 4077 1113 4130 ecclesiasticae
1125 4079 1221 4148 peritos
1233 4093 1293 4130 con·

130 4165 215 4230 veuit,
232 4162 363 4234 publicana
375 4162 437 4215 olim
448 4161 646 4232 poeniteutiam,
664 4159 713 4214 hoc
726 4169 765 4215 est
774 4177 872 4233 poenas
884 4163 967 4232 ipsas,
985 4163 1078 4232 quibus
1091 4162 1292 4229 satisfaciebant,

132 4265 274 4319 earumque
286 4253 389 4318 tempus
402 4263 432 4300 ac
448 4247 574 4300 rationem
590 4254 644 4299 mm
660 4253 809 4300 constanter
826 4262 856 4300 ac
874 4263 962 4299 serare
980 4255 1005 4300 et
1022 4247 1054 4298 ad
1072 4263 1186 4318 unguem
1206 4249 1293 4302 obser·

132 4351 208 4389 vassa
225 4334 338 4404 priscam
355 4332 503 4398 ecclesiam,
522 4337 551 4384 ut
567 4337 626 4385 aute
642 4331 739 4385 iustam
757 4349 787 4385 ac
802 4332 944 4402 legitimam
962 4332 1030 4385 illius
1042 4332 1202 4387 functionem
1219 4335 1292 4388 netas

133 4437 190 4474 esse
207 4425 311 4491 putaret
329 4417 360 4472 ad
378 4433 469 4488 pacem
487 4422 514 4471 et
531 4418 739 4472 communionem
757 4417 886 4470 accedere.
920 4417 986 4470 lliuc
1003 4433 1074 4471 acres
1087 4435 1116 4471 ao
1128 4417 1291 4474 vehementes

132 4507 192 4560 illae
204 4503 328 4576 Cypriani
343 4503 494 4574 praesertim
508 4503 640 4573 querelae,
657 4518 722 4574 quas
739 4503 766 4556 iu
783 4503 848 4556 libro
863 4501 894 4555 de
906 4501 1010 4573 Lepsia,
1028 4504 1097 4557 etin
1114 4503 1236 4574 Epistolis
1253 4505 1291 4558 in-

133 4591 225 4645 culcat.
243 4591 311 4644 Ante
321 4593 425 4659 captata
439 4590 533 4642 delicta
545 4590 593 4657 tait
608 4589 675 4641 libro
687 4587 718 4641 do
730 4588 842 4659 Lepsia),
856 4597 913 4641 orata
925 4585 1121 4658 cadomclopees'u
1126 4594 1229 4659 soc-tam
1242 4594 1292 4643 crs'·

134 4679 220 4744 micis,
239 4685 299 4730 autc
310 4681 453 4748 perpetum
469 4677 648 4727 concientiam
660 4677 789 4745 sacrificio
801 4681 825 4727 ct
835 4691 910 4727 mono
921 4677 1075 4741 accedetis,
1092 4685 1150 4730 uate
1168 4680 1287 4748 offensum
1314 4706 1340 4746 p.
1350 4692 1394 4738 aaa.
