3252 5158
328 379 421 454 ncxn

328 555 419 594 menne
431 537 525 592 minam
536 537 640 590 iliorum
652 535 827 592 cunicarnam
838 529 985 608 redarguat
1020 527 1071 601 Qui
1081 527 1236 590 inatituendi
1245 529 1441 608 poeniuntiatii
1451 549 1496 590 aa·

328 625 438 681 cordatis
451 637 557 676 cuneata
570 622 719 694 diaputanar
743 620 876 692 Φορτοὼν,
888 622 938 686 ait,
951 620 975 683 ii
987 619 1065 693 ἀρχῆς
1076 623 1127 684 τοῖς
1139 619 1239 693 nmina
1250 617 1340 690 ἰδοξον,
1357 617 1394 682 ὦς
1410 618 1436 675 in
1453 621 1494 674 ia·

327 708 394 780 άτρῳ
407 707 454 765 trr'o
467 706 570 779 μάρτυρι
581 712 618 779 τῷ
627 707 714 774 nitidat
725 710 767 773 τῆς
779 705 907 772 ἐκκλησίας
920 703 961 768 τὰς
974 705 1093 778 ἁμαρτίας
1102 703 1265 777 itenditur.
1283 705 1452 778 Προοβῦτιρον
1464 705 1494 760 di

326 798 376 846 τῶν
389 791 475 864 e'tptcra
487 792 666 862 πολιτουμένων
678 789 797 862 ὶχίμιοθόν
809 809 834 844 τε
846 791 887 844 nai
898 788 1007 863 ἔμφρονα
1019 788 1058 844 ini
1069 795 1144 844 τοῦτο
1155 789 1294 862 τοτάχοονν,
1304 785 1495 864 §adapertio-

327 895 364 939 τις
377 877 399 929 oi
409 877 576 948 ἡμαρτηκότες
589 875 618 928 τὰ
631 877 765 946 βεβιωμένα
776 874 933 947 ὡμολόγουν
946 873 960 929 i
978 875 1005 930 δὶ
1016 876 1077 947 προς
1092 875 1136 944 τὴν
1152 873 1255 930 mineo
1272 875 1406 948 ἁμαρτίαν,
1425 875 1453 946 ὃ,
1467 895 1494 929 τι

326 962 375 1036 χρὴ
388 967 486 1030 ποιῆσαι
497 965 512 1030 ἢ
525 960 616 1015 intricat
627 959 744 1031 ἐπιτίμιον
757 961 803 1022 θεὶς
815 961 918 1031 ἀπέλυε,
936 961 1003 1034 rupit
1018 964 1088 1032 σφῶν
1101 961 1181 1014 αὐτῶν
1194 959 1237 1028 rip
1249 961 1347 1032 δίκηνῑ)
1363 959 1493 1032 airu-pafe-

327 1049 420 1119 μένους.
440 1050 551 1112 Durum,
562 1047 661 1117 inquit,
673 1056 698 1098 et
708 1049 893 1100 intolerandum
903 1051 977 1100 initio
987 1050 1134 1101 mcerdotee
1144 1065 1197 1101 erae
1208 1049 1370 1112 iudicarunt,
1381 1052 1422 1100 tic
1433 1057 1493 1100 aaa·

326 1153 400 1204 qaum
417 1137 445 1186 in
461 1133 574 1196 tientro,
589 1151 639 1202 pro
657 1133 779 1184 eccleciae
795 1142 865 1185 coeto
882 1152 915 1186 oe
932 1138 1052 1186 cendone
1059 1141 1172 1202 peccota
1180 1137 1364 1203 pronunciare.
1400 1133 1493 1195 anre

321 1220 496 1290 preadyterum
507 1220 630 1288 quendam
641 1227 793 1270 secretorum
805 1227 917 1272 tenacem
928 1235 962 1270 ac
970 1219 1123 1288 prudentem·
1135 1222 1160 1270 ei
1170 1223 1269 1271 moneri
1274 1227 1492 1288 praeparauerant,

327 1306 364 1357 od
378 1323 447 1374 quem
461 1313 612 1374 percuteret
628 1303 748 1356 adeuntea
762 1307 831 1356 citae
842 1321 904 1356 anua
920 1321 1000 1356 norat
1017 1311 1183 1374 deponerent.-
1200 1305 1289 1356 atille
1300 1321 1353 1373 pro
1371 1307 1492 1374 caiaaqaa

321 1399 431 1459 peccato
443 1393 548 1442 meritae
555 1405 653 1460 paenae
663 1389 780 1456 infliqena
792 1390 943 1452 dimittebat,
962 1407 1016 1441 cnm
1029 1407 1046 1442 a
1056 1393 1149 1458 cerpeia
1159 1389 1221 1442 ilina
1232 1392 1380 1456 eaeqe'aaent.
1415 1387 1492 1452 Qua

327 1474 465 1528 Scacmeui
482 1475 560 1527 rerba
575 1473 707 1544 poblicum
724 1472 787 1527 illud
805 1472 946 1528 confitendi
962 1489 1045 1544 genua
1061 1474 1175 1528 alienum
1191 1488 1207 1526 a
1222 1473 1351 1526 maiorum
1367 1473 1492 1526 inatitntu

326 1566 352 1612 et
363 1575 380 1612 a
390 1559 581 1630 poenitentiarii
591 1558 661 1612 iiiina
672 1557 758 1611 officio
770 1557 905 1628 perepicuo
916 1557 1072 1628 significant.
1106 1557 1158 1612 Sed
1170 1558 1265 1612 mirum
1277 1573 1357 1628 qnam
1367 1556 1434 1611 haec
1443 1557 1491 1612 ab·

327 1645 404 1699 enrde
415 1644 502 1698 Latini
513 1653 616 1698 autores
628 1643 788 1714 interpretati
799 1643 864 1707 rint,
880 1644 926 1715 qni
943 1660 958 1696 e
969 1643 1115 1697 Saramene
1126 1642 1193 1698 itanc
1204 1642 1341 1698 historiam
1351 1660 1491 1714 οιμοιοο-

226 1738 300 1792 nata
325 1737 394 1785 runt
428 1730 495 1784 Nem
512 1730 539 1784 in
557 1729 652 1784 flietor.
664 1729 804 1799 'l'ripartita
820 1729 864 1782 lib.
874 1745 910 1784 rx.
922 1744 979 1799 cap.
989 1746 1068 1782 xxxv.
1085 1729 1123 1782 ita
1139 1730 1265 1800 scriptum
1283 1735 1335 1783 ectr
1362 1728 1491 1790 Quonim

326 1821 423 1872 amerino
436 1835 482 1870 narr
488 1833 601 1885 peccare
613 1817 724 1867 diuinum
739 1823 765 1866 et
774 1815 843 1866 nitro
855 1813 991 1866 numanam
1006 1823 1125 1868 notorum
1135 1833 1187 1868 eaae
1196 1818 1366 1883 coqnoaeitar,
1374 1833 1490 1884 peccan-

327 1905 392 1956 tibua
408 1911 490 1955 antem
506 1909 531 1953 et
537 1904 718 1969 poenitentiam
735 1899 865 1968 wanninc
876 1903 975 1952 aenium
987 1900 1048 1953 deut
1060 1902 1123 1952 dari
1129 1904 1277 1970 praecepit,·
1294 1903 1339 1970 qta'
1353 1918 1414 1954 vern
1430 1919 1490 1952 cna·

319 1991 392 2058 fiteri
403 1990 542 2056 resuqiunt,
559 1988 641 2038 moine
653 1993 817 2054 peccatorum
833 2003 895 2038 anna
910 1988 1056 2054 acquirunt,
1070 1995 1210 2055 propterea
1226 1989 1305 2038 mcum
1322 1996 1358 2038 ert
1375 1990 1491 2056 oun'qar‘a

320 2073 496 2144 pontificatur,
510 2080 539 2122 nt
549 2071 615 2122 neiat
624 2073 652 2121 in
664 2069 763 2141 theatro
774 2069 819 2120 eud
832 2073 969 2122 tertirncnia
981 2071 1152 2123 eccieeioatict'
1158 2071 1249 2142 popuii
1260 2071 1356 2123 detio-ta
1363 2073 1490 2141 pandum

325 2171 367 2212 tnr
378 2168 425 2212 etc.
460 2155 531 2220 Quae
547 2161 609 2209 aunt
619 2154 674 2206 reri
689 2169 782 2208 sennua
798 2154 965 2220 inaniecima,
982 2171 1013 2208 ac
1030 2172 1082 2209 nun
1099 2156 1183 2210 solum
1200 2154 1335 2209 aGraecia
1346 2155 1491 2210 Βοιοοοοιί

325 2243 410 2296 verbis
422 2241 573 2307 abhorrent,
589 2240 634 2294 aed
651 2245 680 2293 et
693 2245 813 2310 pugnant
824 2241 881 2310 ipra
892 2255 990 2294 aeuum.
1027 2239 1110 2304 Quare
1121 2239 1191 2294 hand
1203 2257 1270 2294 rana
1281 2241 1394 2312 coepitio
1405 2249 1448 2296 eat
1456 2243 1489 2295 li·

324 2329 469 2382 brariorum
477 2327 651 2397 cuiparocem
661 2325 776 2394 aliquam
785 2325 925 2390 excidisse,
934 2331 1012 2396 atque
1021 2325 1058 2378 ita
1066 2325 1253 2380 reatitneudnrn
1261 2343 1332 2380 aare:
1344 2327 1489 2397 Propterea

324 2418 403 2466 airum
415 2422 453 2465 ert
463 2414 588 2464 nodatum
600 2415 711 2480 nunquia
718 2411 880 2480 porrnfion'dne
892 2419 938 2464 etc.
958 2409 1026 2464 Nam
1038 2411 1136 2482 alioqui
1148 2411 1209 2482 qnid
1221 2428 1286 2482 apua
1298 2419 1353 2465 erat
1366 2409 1488 2484 ipiputua
1595 2463 1608 2490 ⁸

325 2497 483 2552 sacerdotem
495 2496 620 2578 deligere,
636 2495 658 2548 ai
670 2495 779 2548 velutin
790 2493 890 2548 deamo
902 2495 1076 2550 traducendae
1092 2503 1162 2550 eaeat
1176 2497 1311 2567 poenitent
1329 2505 1355 2550 at
1371 2497 1407 2552 ab
1418 2497 1490 2569 ipae·

324 2589 379 2638 met
390 2589 435 2636 ant
446 2598 461 2635 n
472 2581 606 2635 sacerdote
616 2580 685 2634 iliius
697 2586 803 2650 peccata
814 2579 985 2650 publicanda?

392 2667 463 2732 Quae
475 2683 535 2721 cum
547 2665 734 2720 abeurdiaeirna
745 2665 809 2730 aiot,
828 2671 854 2718 et
870 2665 902 2718 iia
918 2663 987 2719 hand
1004 2667 1085 2720 muita
1097 2667 1218 2732 meliora,
1236 2684 1302 2738 quac
1320 2684 1337 2722 a
1353 2669 1489 2723 nonnuliia

324 2753 475 2817 afferuntur,
492 2768 540 2805 noa
555 2752 582 2806 in
598 2767 630 2804 ea
645 2751 820 2804 contrurereia
834 2750 886 2804 duo
898 2751 1025 2820 quaedam
1038 2752 1191 2805 excutienda
1203 2752 1334 2807 duximua.
1369 2755 1489 2808 Alterum

325 2855 448 2911 quereum
461 2839 504 2892 ilie
516 2836 636 2892 eacerdna
648 2837 795 2900 iustitutue,
807 2836 916 2890 aiterum
927 2843 1054 2906 quotenne
1063 2837 1132 2890 iiiiua
1141 2838 1177 2892 eit
1185 2839 1311 2908 abrogata
1320 2839 1431 2895 turtio.
1450 2841 1487 2894 Aa

324 2925 355 2978 de
367 2925 481 2978 Socratis
493 2923 556 2989 tide,
569 2924 618 2977 etei
629 2922 699 2992 qnod
711 2921 743 2974 cd
755 2922 840 2992 ipairn
853 2922 1007 2975 nenationie
1019 2928 1098 2992 caput
1109 2923 1215 2988 attinet,
1231 2922 1295 2976 nihii
1306 2923 1357 2979 hoo
1369 2926 1428 2980 ineu
1440 2925 1487 2980 du·

324 3010 449 3072 bitemne,
467 3010 595 3080 permuita
610 3015 698 3062 tamen
711 3006 743 3060 ad
754 3005 888 3060 historiam
902 3007 935 3060 ab
947 3006 1038 3060 eodem
1050 3007 1155 3060 adtexta
1167 3007 1308 3074 credimur,
1324 3016 1352 3063 ut
1364 3009 1488 3064 Neratia-

323 3112 415 3150 norum
428 3103 538 3160 sertam,
551 3095 592 3148 cni
603 3101 659 3147 erat
670 3092 801 3156 addictae,
812 3093 966 3146 remuneratio
978 3109 1008 3146 aa
1020 3093 1161 3148 mendaciis
1173 3094 1331 3160 subtererat,
1349 3095 1422 3166 quod
1433 3098 1488 3166 pla-

323 3197 432 3251 rnmque
444 3196 569 3250 usurpare
580 3179 721 3233 consuerit.
757 3177 883 3248 Exentpln
895 3178 929 3231 eit
940 3195 954 3230 e
966 3178 1055 3232 multia
1066 3178 1143 3242 iilud,
1156 3179 1224 3249 quod
1236 3180 1284 3233 anb
1296 3180 1396 3250 atylutn
1408 3180 1487 3236 modu

323 3268 410 3321 eubiit
429 3265 523 3318 Scribit
531 3265 573 3318 iile
583 3264 626 3318 iib.
635 3283 658 3318 r.
668 3261 771 3334 capii.
782 3263 923 3316 Caesareae
932 3263 959 3315 in
970 3262 1134 3334 Cappadocia
1142 3279 1187 3318 eoa
1200 3266 1244 3334 qni
1255 3271 1314 3336 pact
1327 3267 1488 3336 baptismum

214 3395 218 3403 .
322 3351 486 3422 peccaverint
497 3366 513 3402 a
525 3349 708 3403 communione
719 3348 803 3412 retici,
815 3347 1032 3418 quemadmodum
1045 3349 1183 3402 Noratiani
1195 3350 1342 3404 instituunt
1359 3350 1488 3415 Qotdest

322 3436 565 3499 mendacissimum,
582 3441 612 3487 ut
627 3449 659 3488 ex
673 3433 771 3486 Baaiiic
788 3432 896 3504 uinaque
907 3433 1134 3504 poenitentialibus
1151 3436 1294 3490 canonibua
1311 3437 1403 3506 liquet.
1436 3437 1487 3492 in-

324 3522 410 3592 quitur
421 3537 481 3574 reru
494 3519 614 3573 Socraten
626 3519 657 3572 de
670 3519 799 3572 veteribus
811 3519 976 3572 ecciesiarnm
989 3521 1096 3571 τοπικῶν
1112 3519 1216 3584 ritibus,
1231 3537 1265 3574 na
1281 3523 1340 3590 quia
1356 3528 1419 3592 poet
1434 3521 1486 3576 aa·

323 3609 373 3660 eiiii
386 3608 484 3660 obitum
497 3605 571 3658 aliter
583 3604 726 3658 obdnuiaee
738 3603 866 3657 coniiciat.
900 3603 1036 3656 Eiuamodi
1046 3604 1133 3674 igitur,
1149 3603 1199 3658 hcc
1213 3614 1253 3658 eat
1264 3605 1406 3662 confictum
1418 3623 1486 3674 eata,

322 3691 486 3746 vehementer
504 3690 628 3760 eoepieor,
648 3688 716 3759 quod
734 3689 783 3742 rub
800 3687 1004 3742 Noratiancrum
1022 3689 1150 3744 duntaxat
1167 3697 1253 3744 ortum
1269 3693 1484 3762 paenitentialem

322 3779 501 3850 presbyterum
520 3776 689 3829 tortetitutnm
705 3789 763 3826 ecee
781 3773 858 3838 dixit,
877 3789 953 3843 quem
972 3789 1032 3828 curn
1050 3776 1087 3828 ait
1102 3779 1138 3845 τῷ
1157 3778 1239 3828 κανόνι
1254 3775 1485 3846 npcmitioiatab

323 3863 464 3934 episcopie,
479 3867 544 3914 terte
557 3859 696 3913 admodum
708 3865 734 3912 et
745 3859 835 3912 caiiide
848 3857 1008 3912 Norationae
1020 3859 1176 3914 crudelitatia
1187 3861 1258 3914 tirno
1270 3862 1393 3927 iuetiiiat,
1409 3864 1486 3934 quaai

324 3956 379 4003 tum
396 3947 498 4000 demum
516 3953 600 4000 totum
616 3941 665 3998 hcc
682 3943 855 4016 poenitentiae
872 3945 1007 4014 negotium
1024 3946 1201 4016 excogitatum
1216 3945 1295 4000 inerit
1310 3962 1342 4000 ac
1357 3964 1427 4002 uero
1443 3965 1485 4004 ca-

323 4049 391 4088 none
403 4033 538 4086 sancitum.
573 4029 662 4100 Neque
680 4030 749 4082 enim
765 4035 835 4082 recte
851 4033 888 4099 τῷ
900 4032 983 4082 κανόνι
1000 4029 1178 4100 npuentttoiut
1189 4031 1321 4102 accipiunt
1331 4033 1412 4103 vulgo
1424 4051 1485 4088 cnm

323 4120 472 4188 interprete,
489 4123 517 4170 nt
534 4117 568 4168 eit
580 4116 679 4168 Carioni
690 4117 811 4169 adiicere.
846 4113 912 4169 Nam
930 4116 1038 4169 canonia
1050 4115 1151 4170 decreto
1163 4117 1288 4170 vulteum
1300 4118 1486 4188 praabyterum

323 4204 480 4258 adiunctum.
516 4201 599 4265 Quare
615 4217 678 4256 mox
695 4200 810 4270 aequitat
821 4197 889 4254 hunc
908 4215 1034 4254 omnnem
1046 4202 1079 4254 ab
1093 4201 1214 4255 omnibus
1230 4202 1288 4255 aliie
1303 4211 1450 4274 receptum,
1466 4221 1486 4258 a

323 4289 473 4345 Noratiunia
485 4287 613 4340 duntaxat
623 4285 785 4356 repudiatum
796 4286 884 4342 imeae.
907 4286 1003 4340 Verum
1015 4293 1043 4340 ut
1055 4285 1086 4339 de
1100 4287 1269 4341 mutitationie
1286 4293 1404 4360 tempore
1420 4288 1486 4344 nihii

323 4389 483 4446 pugnamus,
495 4369 563 4443 qnod
574 4371 607 4425 ad
619 4387 749 4426 summam
760 4369 830 4424 haud
841 4371 952 4425 muitum
964 4373 1081 4436 intereat,
1097 4372 1149 4438 aic,
1167 4372 1276 4443 opinior,
1289 4373 1422 4445 explicare
1432 4375 1484 4428 iata

323 4473 470 4530 possumus.
505 4457 571 4511 Cum
582 4457 633 4511 duo
645 4458 714 4527 apud
725 4463 824 4512 veterae
837 4464 936 4526 meent,
954 4463 983 4512 ut
998 4462 1076 4510 antea
1088 4456 1236 4525 ducmmua,
1251 4466 1421 4532 peccatorum
1437 4475 1483 4533 ga·

323 4569 524 4586 ω

393 4631 418 4700 1)
435 4627 504 4685 Fert.
518 4627 549 4690 eie
562 4621 732 4700 apcicpioautt
