3210 5154
234 369 273 432 10
656 377 779 431 merl
795 377 967 430 nmmum

232 503 298 570 ταῖς
316 495 484 578 ἐκκλησίαις
501 491 717 579 συναγόμενος,
739 495 796 569 έως
810 493 865 558 ότέ
875 496 979 568 δεινοῖς
994 493 1164 579 ἐνέγκαντές
1181 515 1260 568 τινες
1277 493 1393 570 ἐξεούσι

231 593 285 662 τόν
302 592 398 678 ἄνδρα
417 593 468 662 διά
493 595 547 678 τήν
565 594 704 677 τοιαύτην
727 597 832 659 αἰτίαν.
874 591 913 658 ‘0
929 594 962 659 δέ
980 593 1038 660 ούκ
1051 593 1198 677 ήνείχετσ,
1228 589 1289 659 ἀλλ’
1311 590 1393 676 ἐβιά-

181 742 184 748 ,
230 704 292 776 ζετο
310 704 420 780 μᾶλλον
433 695 579 780 όλήθειαυ
594 697 647 779 μέν
662 697 770 780 λέγειν,
800 694 841 779 μή
857 693 1019 778 ἀναχωρεῖν
1035 696 1069 760 δέ
1083 701 1139 760 τοῦ
1153 696 1323 777 συνδέσμου
1336 701 1392 776 τῆς

232 805 304 882 μιᾶς
320 797 452 874 ένοίσιως
466 804 520 881 τῆς
535 794 622 882 άγίος
640 803 805 879 καδολικής
827 799 989 878 ἐκκλησίας.
1029 793 1083 872 Ὡς
1098 797 1131 862 δέ
1147 794 1285 862 έτύπκετο
1300 795 1394 873 αύτύς

231 924 263 966 τε
283 899 334 964 καί
358 901 389 964 οδ
409 897 471 981 ἅμα
488 896 569 986 αύτῷ
593 895 750 978 πολλάκις,
778 895 815 962 τά
836 897 920 964 δεινά
941 903 997 961 *τε
1018 899 1139 980 ἐπασχε,
1169 896 1394 981 βαρυστανήσας

232 998 401 1083 σύμβουλον
415 998 557 1082 λαμβάνει
573 1000 681 1064 ἐαυτοῦ
702 997 758 1082 τήν
775 997 935 1085 ἐάνύγκην
950 1005 1010 1064 τῶν
1025 997 1150 1085 ύβρεων.
1192 995 1318 1065 Ἑαυτόν
1336 997 1393 1084 γάρ

231 1101 366 1184 ἀφορίζει
381 1108 435 1183 τῆς
452 1103 621 1184 ἐκκλησίας,
643 1104 745 1168 πολλοί
761 1124 792 1164 τε
807 1099 870 1183 ἅμα
887 1099 969 1188 αύτῷ
986 1097 1200 1183 άφηνιάζουσι·
1229 1102 1281 1165 καί
1298 1097 1394 1175 ούτως

232 1201 286 1284 τήν
303 1205 447 1288 διαίρεσιν
462 1200 635 1287 είργάσατσ,
658 1199 697 1267 ού
713 1228 741 1266 τι
758 1203 832 1284 έχων
847 1202 1088 1286 παρηλλαγμένον
1103 1208 1156 1286 τῆς
1171 1205 1311 1280 πίστεως,
1334 1198 1393 1266 ύλλ’

233 1301 386 1391 όρδότατα
408 1303 462 1386 μέν
483 1301 632 1370 πιστεύων
653 1301 744 1379 αύτός
767 1328 798 1368 τε
818 1303 870 1370 καλ
894 1305 926 1369 οί
951 1299 1014 1384 όμα
1031 1300 1128 1391 αύτῷ,
1162 1304 1190 1367 εί
1208 1303 1262 1372 καὶ
1285 1301 1341 1388 γρή
1357 1297 1394 1368 τά

232 1405 356 1488 μάλιστα
378 1407 471 1490 λέγειν
488 1407 520 1470 ἐν
538 1408 634 1494 μικρῷ
657 1429 716 1469 τινι
732 1401 826 1469 αὐτόν
848 1407 1024 1484 φιλονείκως
1042 1404 1189 1488 φέρεσθαί
1210 1428 1241 1469 τε
1256 1405 1309 1469 καί
1323 1401 1395 1481 τούς

232 1506 296 1592 άμα
317 1507 408 1594 αύτῷ.

97 1613 164 1682 Κεφ.
183 1609 214 1684 β’.
318 1606 407 1674 Μετά
431 1605 487 1692 γάρ
513 1614 568 1674 τού
583 1603 739 1692 ὁμολογεῖν
754 1605 823 1691 περί
839 1604 954 1690 πατρός
968 1607 1019 1672 καί
1038 1607 1108 1672 υίού
1128 1607 1179 1671 καί
1201 1601 1288 1691 άγίου
1307 1602 1396 1672 πνεύ-

234 1735 327 1794 ματος
351 1715 554 1792 θαυμαστῶς,
584 1705 627 1784 τίς
646 1709 704 1790 ἐχει
730 1703 912 1790 ήιιοθολική
940 1708 1094 1789 ἐκκλησία,
1123 1703 1346 1789 όρθοδοξόταό
1364 1731 1396 1772 τε

233 1809 404 1894 φυλάττειν,
434 1811 470 1876 τά
487 1835 517 1876 τε
532 1807 605 1874 άλλα
628 1806 750 1873 ιπάντα
769 1813 825 1873 τού
839 1812 908 1890 βίον
926 1806 1095 1889 θαυμαστά.
1144 1814 1217 1884 Τοῖς
1230 1805 1290 1894 γάρ
1307 1811 1396 1884 ίδίαις

233 1913 330 1999 γερσλν
352 1911 561 1998 ἐργαζόμενος,
594 1907 687 1986 αύτύς
708 1908 804 1974 τεκαὶ
820 1911 853 1973 σί
864 1905 915 1974 ὕπ’
930 1905 1023 1974 αύτδν
1044 1911 1205 1975 ἐπίσκοποί
1219 1933 1265 1985 τε,
1298 1910 1353 1974 καί
1367 1911 1399 1975 οἱ

235 2012 446 2099 πρεσβύτεροι,
472 2014 524 2080 καί
539 2015 571 2078 οί
583 2013 682 2078 λοιποί
697 2009 806 2086 πάντες
821 2011 1037 2094 διατρέφονται.
1071 2007 1214 2093 Ὕστερον
1228 2010 1261 2076 δέ
1275 2006 1347 2093 μετά
1362 2007 1395 2075 τό

234 2117 416 2198 ἐξεωοθηναι
435 2121 489 2197 τῆς
505 2115 662 2196 ἐκκλησίας
675 2110 737 2178 άπό
755 2109 845 2178 άλλου
863 2110 1030 2178 ἐπισκόπου
1048 2108 1084 2176 τά
1099 2109 1177 2178 αύτά
1192 2117 1397 2192 συζητούντος,

235 2219 288 2284 καί
316 2216 564 2301 ἀναχωρήσαντος
590 2221 643 2296 τῆς
671 2216 840 2295 ἐκκλησίας,
871 2220 1079 2297 χειροτονεῖται
1107 2205 1195 2288 οὗτος
1225 2215 1396 2290 ἐπίσκοπος.

235 2319 339 2401 ’Περί
364 2309 402 2382 οδ
427 2316 612 2399 ἐπελαβόμην
632 2315 744 2398 λέγειν,
776 2312 935 2398 ἐπειδήπερ
965 2315 998 2380 ἐν
1023 2311 1202 2398 παρεκβαίνει
1231 2315 1397 2399 γεγένημαι,

234 2412 326 2495 αὖθις
343 2415 537 2499 ἐπαναλοβοίν
560 2417 682 2497 διέξειμι
697 2412 751 2498 τήν
773 2411 934 2500 ύφήγησιν.
979 2415 1064 2497 Φημί
1083 2416 1116 2480 δέ
1133 2416 1201 2500 περί
1219 2420 1271 2498 τῆς
1287 2411 1328 2492 σός
1346 2416 1397 2480 ἐπί

232 2519 267 2587 τό
283 2517 482 2602 σκληρότατον
496 2519 547 2583 καί
566 2513 715 2582 ίδιωτικόν
733 2517 785 2582 καί
800 2514 969 2596 φιλόνεικον
986 2523 1040 2598 τῆς
1055 2515 1122 2602 παρ’
1142 2516 1225 2605 αὐτῷ
1246 2514 1399 2606 ᾆδομέυης

111 2650 162 2696 μη.
175 2637 221 2682 m
234 2623 339 2700 λέξειας
353 2618 416 2688 άπό
430 2626 484 2702 τῆς
501 2622 589 2694 θείας
604 2624 729 2704 γραφῆς.
778 2615 818 2683 Τό
833 2615 891 2702 γάρ
911 2614 984 2681 Κατ’
1000 2616 1104 2684 είκόνα
1122 2609 1212 2695 ούτος
1226 2620 1278 2684 καί
1293 2621 1325 2682 οί
1338 2613 1398 2700 μετ’

234 2720 343 2802 αύτού,
365 2721 439 2807 ὅπερ
455 2717 473 2787 ό
487 2718 561 2796 θεός
576 2717 741 2803 δεδύρηται
756 2725 798 2806 τῷ
808 2716 922 2800 Ἀδάμ,
944 2717 1121 2803 άποκρόιως
1135 2717 1273 2800 βούλεται
1289 2715 1398 2804 όρίζειν

235 2821 311 2890 τίναι
323 2831 412 2890 τοῦτο
426 2820 633 2906 πληρούμενον
648 2818 724 2886 κατά
740 2817 773 2886 ιδ
790 2826 890 2900 σῶμα·
912 2817 974 2884 άπδ
991 2826 1046 2884 τοῦ
1063 2822 1160 2902 δῆθεν
1171 2820 1331 2905 λεγομένου
1345 2821 1399 2903 ρη-

234 2932 289 2991 τοῦ
304 2930 374 3003 τοῦ,
399 2922 579 3006 Ποιήσωμεν
594 2920 761 3005 όνδρωπον
775 2917 840 2986 κατ’
857 2921 960 2986 είκόνα
974 2917 1134 3006 ήμετέραν,
1162 2923 1212 2986 καί
1228 2918 1299 2986 καθ’
1316 2917 1400 3002 δμοί-

237 3047 322 3092 ωσιν·
345 3027 396 3092 καί
414 3021 475 3091 είια
490 3025 624 3107 ἐπιφέρει
639 3025 731 3108 λέγων
747 3018 766 3088 ό
780 3030 865 3098 θεῖος
881 3021 967 3107 λόγος
983 3020 1040 3100 ότι,
1064 3023 1125 3088 Καί
1142 3023 1279 3105 ἐποίησεν
1293 3018 1311 3086 ό
1324 3017 1400 3097 θεός

236 3125 289 3192 τόν
304 3123 484 3209 άνδρωπου,
505 3132 578 3208 γοῦν
594 3121 695 3207 λαβάν
710 3121 771 3188 αἰπό
788 3129 842 3204 τῆς
858 3128 921 3208 γῆς.
963 3119 1105 3204 Ἐπειδὴ,
1127 3125 1218 3205 φησί,
1250 3119 1332 3188 είπεν
1347 3119 1400 3188 άν-

234 3236 362 3312 δρωπον
378 3225 439 3293 όπό
457 3233 510 3309 τῆς
534 3232 604 3312 γῆς,
636 3223 694 3310 δρα
714 3222 760 3288 ότι
780 3223 965 3305 ἀληθέστατα
986 3221 1057 3288 ὅλον
1073 3222 1106 3290 τό
1123 3222 1228 3306 γοίκόν
1246 3219 1329 3290 είπεν
1350 3219 1401 3288 άν-

236 3338 378 3414 θρωπον,
410 3325 469 3410 ἄρα
493 3352 523 3392 τε
540 3323 615 3393 αύτό
633 3323 666 3392 τό
682 3322 787 3410 χαλκόν
807 3324 961 3409 προέλεγεν
978 3325 1101 3390 ἔσεσθαι
1117 3320 1180 3392 κατ’
1197 3322 1303 3392 είκύνα
1313 3331 1400 3390 θεοῦ.

239 3432 300 3494 Καί
315 3431 377 3494 ἐστι
389 3434 476 3494 τοῦτο
493 3427 678 3513 ἀπόκροτον,
711 3423 751 3502 οἷς
768 3427 863 3508 ἐφην,
892 3426 942 3491 καί
961 3423 1113 3491 ίδιωτικόν
1129 3423 1162 3492 τό
1180 3422 1331 3505 ὁρίζεσθαι
1350 3421 1401 3488 §v-

236 3539 364 3613 δρωπον
379 3531 411 3594 ἐν
423 3533 501 3616 ποίῳ
519 3529 599 3614 μέρει
618 3529 752 3601 τέτακται
768 3532 823 3592 τοῦ
839 3523 1009 3612 άνδροίπου
1026 3523 1059 3591 τό
1076 3521 1140 3592 κατ’
1160 3524 1274 3592 είκόνα·
1305 3526 1334 3589 εί
1344 3522 1400 3608 χρή

236 3631 312 3708 όλως
333 3633 424 3716 μέρος
447 3633 553 3716 λέγειν,
584 3626 635 3694 διά
653 3625 690 3694 τά
706 3625 798 3694 πολλά
817 3626 855 3693 τά
870 3626 1084 3694 άντιπίπτοντα
1099 3633 1137 3716 τῇ
1152 3633 1213 3694 τοῖν
1226 3625 1401 3712 άνθροόπων

236 3734 337 3820 ίννοίμ
361 3729 436 3798 κατά
459 3729 493 3797 τό
514 3733 596 3815 ήήμα
612 3735 700 3795 τούτο
724 3731 775 3794 καί
797 3730 900 3810 έχοντα
924 3725 1097 3812 ζητημάτων
1121 3727 1251 3812 πληθύν.
1287 3723 1400 3811 Ἦγάρ

237 3834 409 3960 πριήσωμευ
434 3830 487 3899 τόν
506 3831 581 3897 θεόν
598 3826 707 3917 όρατόν
721 3854 753 3895 τε
769 3832 820 3895 καί
838 3830 1021 3912 σωματικόν,
1054 3833 1136 3913 εἴπερ
1155 3831 1188 3897 έν
1205 3834 1269 3953 ’τρὶ
1287 3826 1401 3910 σάματι

236 3934 270 4001 τό
287 3962 344 4004 τιατ
343 3931 470 4001 ἐίκόνοι
485 3939 649 4018 πληροῦται
666 3954 842 4014 σωματιιως
858 3933 936 3996 *καί
956 3927 1263 4016 ἐσχηματισμένως,“
1241 3957 1262 4012 η
1281 3927 1400 4056 ανδρω-

217 4014 295 4102 ’πον
311 4043 351 4124 τῷ
369 4041 434 4123 θεῷ
457 4033 645 4116 ἐξισούμενον
669 4039 758 4098 τοῦτο
784 4031 957 4113 φάσκοντες.
1002 4032 1059 4099 Διό
1076 4032 1114 4100 ού
1132 4029 1188 4116 χρή
1204 4029 1324 4108 πάντως
1338 4027 1401 4113 όρί·

237 4145 296 4218 ζειν
314 4101 581 4221 ήδιλσχυρίζεσθαι
605 4138 637 4202 ἐν
659 4138 736 4224 ποίην
760 4132 899 4218 μέρει
866 4158 900 4200 το
917 4131 981 4200 κατ’
1004 4134 1106 4202 είκύνα
1128 4139 1311 4218 πληροῦται,
1341 4118 1402 4198 όλλ

270 4371 520 4428 ἐττοτιλιιαοσ.
539 4377 638 4440 mdiu.
834 4373 933 4434 λλλειλλη.
962 4375 1402 4424 λλονοαιλιλλοιισωαιλίοίιπσιο·

271 4443 294 4494 5
316 4445 402 4493 σείουσι
424 4446 485 4494 huno
507 4446 584 4494 ίοσυπι
609 4446 644 4494 σί.
667 4442 803 4494 Salmasius
835 4443 867 4490 λίο
887 4443 970 4490 suadet
997 4444 1045 4492 λοιι
1029 4457 1059 4492 ιιο
1080 4445 1205 4492 verborum
1230 4443 1402 4492 σείιιοοιλοπεπι

238 4511 342 4562 Ετεκολίι
366 4509 596 4573 insonum&
834 4504 980 4588 φυλάττειν,
1011 4503 1096 4562 τότε
1119 4503 1200 4575 ἄλλα,
1229 4507 1312 4562 πάντα
1335 4523 1357 4560 τ
1377 4507 1400 4574 δ

274 4577 333 4649 Cup.
352 4577 436 4632 11.-
461 4579 484 4630 l.
506 4577 551 4634 τοῦ
572 4576 626 4652 βίον
647 4570 729 4633 πάντα
747 4575 800 4628 οοδ
835 4569 979 4644 δανμοστοὶ
