3216 5152
338 389 366 446 X

406 542 520 614 Περιίστη
539 541 566 596 tt
583 539 597 594 d
614 541 702 614 ἀγὼν]
729 542 811 598 Sorib.
822 546 853 596 ut
863 543 939 596 estin
949 541 1047 614 Regio,
1065 539 1133 594 uide.
1159 541 1201 596 Ab
1211 539 1313 596 suno
1325 539 1485 596 ud'i'usrsrx

339 629 416 701 γενεαί
432 634 505 694 sunt,
523 630 585 701 quia
600 628 699 683 Guinsu
716 629 743 682 in
759 645 896 682 numerum
907 629 986 682 venit
1012 625 1065 681 Eae
1080 627 1220 698 eolligunt,
1234 633 1265 680 ut
1280 625 1323 680 hio
1340 626 1485 698 Epiphanius

338 715 447 781 indicat,
457 731 540 768 anuos
552 713 627 769 3332.
653 714 750 786 Reipsa
760 721 861 780 autem,
874 731 907 767 ex
919 732 972 768 uxr
984 709 1123 767 Saniorum
1134 711 1259 778 editione,
1271 729 1355 766 annos
1363 711 1434 766 3364.
1452 711 1486 766 Ab

336 801 437 855 Adsmo
447 799 481 854 ad
492 800 618 854 diluvium
630 813 710 872 supra
720 801 849 854 numerati
860 803 923 853 sunt
934 799 1008 853 2262.
1035 799 1102 852 Hine
1113 799 1147 852 ed
1158 798 1242 852 There
1259 803 1345 852 ortum
1362 799 1421 852 auni
1433 804 1487 850 suut

340 886 413 942 1102.
431 886 511 940 Pium
521 887 584 942 suni
592 885 667 940 3364.
685 885 770 951 Quare
781 886 856 942 anuis
867 886 955 939 minus
963 885 996 938 32
1008 884 1075 938 dixit
1085 884 1254 956 Epiphanius.
1272 884 1338 940 Vide
1349 889 1488 954 sequentem

337 989 483 1028 numerum.

405 1056 490 1119 Ἐξότε
501 1055 605 1129 Θάβρα]
632 1057 727 1112 sudu
738 1058 766 1112 iu
777 1056 882 1129 Σερσίιχ.
909 1055 1034 1110 Ἐντεῦθεν
1050 1054 1147 1127 είςηχβη
1158 1055 1174 1122 ἡ
1188 1055 1305 1108 πολυθεία
1321 1055 1361 1108 καί
1371 1053 1387 1122 η
1398 1053 1490 1107 εἰδωλο-

337 1142 449 1214 λατρεία,
467 1148 540 1196 τοῦτο
552 1143 579 1196 di
591 1143 690 1214 διέμεινε
702 1143 759 1216 παρ’
772 1142 854 1205 αὐτοῖς
867 1143 939 1215 μέχρι
951 1145 1000 1194 τῶν
1012 1143 1110 1214 χρόνων
1123 1140 1209 1212 Θάββα
1221 1145 1263 1194 τοῦ
1276 1143 1369 1213 πατρὸς
1380 1138 1489 1213 ’λβρεάρι

337 1223 367 1296 ἦν
379 1229 426 1300 γάρ
438 1227 652 1300 ἀγαλματοποιὸς,
665 1227 713 1282 άπὸ
726 1229 850 1299 διαφόρων
863 1225 929 1280 ὑλῶν
941 1225 1034 1289 εἰκόνας
1047 1226 1208 1299 ἐργαζόμενος
1220 1233 1269 1282 ete.

405 1314 436 1369 N.
454 1333 500 1371 vn.
523 1313 564 1366 καλ
581 1314 708 1386 pertusura
723 1313 931 1382 ἐθιοποιήσαντο.]
958 1314 1033 1367 Haud
1051 1314 1198 1367 absimilem
1214 1315 1343 1367 idolorum
1361 1327 1491 1382 eorumque

338 1400 423 1455 uultus
436 1399 565 1470 originem
575 1400 646 1454 disee
658 1417 692 1454 ex
703 1401 747 1454 lib.
759 1399 908 1471 Sapientiae
920 1416 976 1470 περ.
988 1417 1041 1454 xrv.
1053 1399 1189 1453 Lactantio
1201 1399 1279 1464 libr,
1291 1415 1348 1470 cap.
1360 1417 1413 1454 τιν.

249 1511 271 1553 ρ.
281 1502 318 1542 tu·
405 1483 509 1538 Ἔπειτα
520 1483 547 1538 tt
558 1483 672 1552 ἀκινάκην
685 1485 816 1555 σέβοντες]
842 1486 954 1538 Martem
966 1486 1094 1555 imprimis
1107 1486 1210 1539 uoluere
1222 1485 1347 1554 Scythae,
1360 1485 1432 1538 euius
1443 1482 1491 1536 sifi·

337 1573 394 1643 gioe
411 1577 467 1625 erat
481 1572 600 1626 auinaoes
611 1571 723 1637 ferreus,
740 1573 778 1625 ait
788 1571 932 1625 Herodotus
944 1571 988 1625 lib.
1001 1590 1041 1642 ru„
1061 1572 1127 1625 Huio
1145 1571 1272 1642 templum
1284 1589 1317 1624 ex
1328 1571 1493 1641 uirgultorum

337 1657 468 1712 uiuentis
480 1657 647 1722 extruebsnt,
659 1659 705 1712 ubi
717 1663 743 1711 et
754 1657 870 1728 captivos
883 1657 1040 1711 mactabant.
1066 1657 1119 1710 Sed
1131 1659 1255 1727 quoniam
1268 1657 1294 1710 in
1306 1673 1370 1712 aum
1381 1655 1493 1709 Herodoti

337 1743 423 1797 loeum
438 1743 588 1807 incidimus,
605 1744 688 1796 obiter
702 1742 745 1796 hie
761 1761 778 1797 ε
794 1743 870 1796 nobis
888 1742 1063 1796 emendandus
1080 1749 1158 1812 atque
1170 1742 1340 1796 illustrandus
1354 1742 1410 1797 erit.
1435 1739 1493 1794 Gom

337 1829 465 1900 templum
484 1827 547 1882 illud
564 1829 686 1882 describit
701 1843 762 1898 pag.
778 1828 834 1882 152.
852 1828 890 1882 sit
907 1835 1098 1882 sarmentorum
1115 1829 1147 1881 ab
1165 1829 1216 1882 illis
1234 1829 1319 1882 iasees
1335 1827 1493 1898 comportari,

338 1915 543 1984 exaggerarique
555 1911 594 1966 iul
605 1913 711 1974 σταδίοις
722 1917 785 1984 τρεῖς
797 1916 875 1983 μῆκος
887 1913 927 1965 καί
939 1909 1019 1985 εὖρος,
1038 1913 1099 1984 ὕψος
1112 1913 1138 1966 δὲ
1150 1911 1271 1966 ίλασσονι
1289 1917 1453 1982 ίοιιρίιιιιίίπίι
1463 1913 1494 1964 od

337 2002 425 2053 studia
437 2005 497 2065 trio,
510 2002 610 2052 totidem
622 2002 773 2067 latitudinis,
786 2001 893 2052 altitudo
905 2019 964 2052 uero
974 2005 1062 2055 minor.
1082 1999 1173 2054 Nonne
1186 2001 1299 2054 otiosum
1312 2006 1354 2052 est
1365 1999 1494 2052 admouere

339 2086 466 2140 minorem
478 2085 561 2139 tribus
575 2083 664 2138 stodiis
675 2085 840 2138 altitudinem
851 2085 952 2138 tuisse?
979 2083 1042 2149 Quis
1059 2091 1114 2138 tem
1125 2087 1176 2138 alte
1188 2092 1301 2138 ereetum
1313 2083 1447 2138 cumulum
1457 2097 1494 2134 su·

338 2171 433 2242 spicari
442 2176 549 2242 posset?
575 2170 654 2225 Pione
665 2171 747 2241 igitur
757 2170 897 2225 mendosus
909 2168 951 2225 bie
963 2172 1036 2224 loeus
1047 2176 1100 2236 est,
1112 2175 1138 2224 et
1148 2171 1244 2241 pedum
1256 2171 1438 2224 cubitorumne
1448 2183 1494 2220 eer-

338 2261 380 2310 tue
392 2257 465 2310 deest
475 2255 582 2320 modus,
595 2273 647 2327 quo
658 2257 784 2310 minorem
797 2257 879 2310 luisse
891 2258 1122 2327 exaggerationem
1133 2257 1205 2310 illam
1217 2257 1366 2327 scripserat.
1389 2255 1428 2308 sd
1438 2253 1493 2306 baeu

337 2342 415 2412 paulo
432 2347 506 2408 aute,
515 2331 584 2395 'oum
599 2341 785 2396 sacrificiorum
802 2343 931 2396 rationem
947 2343 1060 2413 explieat
1071 2359 1101 2396 eo
1113 2341 1332 2413 quemadmodum
1345 2341 1443 2395 hostias
1453 2341 1495 2392 im·

338 2427 480 2492 molarem,
492 2427 620 2498 quosdam
630 2425 754 2497 leguntur
763 2429 859 2498 partim
871 2428 904 2482 ab
916 2428 1098 2499 interpretibus
1113 2429 1244 2498 ignorata,
1260 2427 1357 2498 partim
1375 2433 1494 2496 corrupta

339 2510 375 2563 Tb
392 2509 435 2582 pte
451 2510 528 2582 ίρηῖσν
546 2511 606 2564 udr'u
622 2509 830 2583 ίμπεποδισρίνον
847 2513 904 2574 τοὺς
922 2514 967 2566 δίο
983 2513 1062 2574 πόδας
1080 2514 1136 2574 τοὺς
1154 2511 1314 2584 ἐμπροσθίους
1332 2513 1427 2579 ἕστηκε·
1445 2508 1457 2563 ὁ
1474 2509 1496 2562 di

340 2595 405 2649 diust
416 2592 514 2650 ὄπισθεν
525 2600 570 2650 τοῦ
581 2597 679 2664 κτήνεος
690 2595 781 2668 lurda,
798 2596 893 2660 σπάσας
911 2597 954 2666 τὴν
967 2596 1046 2670 ἀρχὴν
1059 2601 1102 2651 τοῦ
1115 2599 1223 2669 στρόρου
1236 2597 1387 2667 καταβάλλει
1399 2615 1444 2669 ριν·
1462 2596 1496 2646 πί-

340 2699 442 2744 πτοντος
458 2681 485 2736 dl
501 2688 545 2736 τοῦ
561 2678 639 2754 ίρηίσυ
655 2681 776 2736 ἐπικαλέει
789 2683 832 2736 rba
845 2683 907 2754 debu,
924 2689 961 2754 τῷ
977 2685 1004 2736 ἂν
1018 2685 1070 2754 trip·
1083 2702 1124 2736 aur
1135 2681 1216 2736 ἔπειτα
1229 2685 1316 2756 βρόχῳ
1329 2682 1421 2754 περιὼν
1432 2679 1497 2751 ἔβαλε

339 2767 382 2820 τὶν
394 2769 498 2839 σίιχίναι
515 2769 624 2825 Vtottmo
636 2774 694 2840 ι’ρεα
702 2771 859 2840 ρείιιιοινάυι
871 2771 982 2840 alligata
988 2771 1097 2840 pedibus
1107 2775 1214 2824 sistitur.
1232 2770 1309 2822 Cuius
1320 2789 1339 2822 o
1352 2781 1423 2838 serpo
1433 2777 1498 2820 stass

339 2856 512 2924 euonfieutus,
523 2859 599 2924 funeb
613 2865 747 2909 σετνεπιιιπι
764 2854 868 2909 mulene
880 2859 1004 2926 pecudem
1011 2860 1160 2926 promeruit.
1187 2856 1248 2907 Moe
1259 2874 1290 2908 eo
1304 2857 1412 2908 cudente
1424 2853 1497 2906 Dens

338 2941 409 2992 titum
425 2945 571 2994 wmioottm
587 2945 701 3006 invocat,
719 2946 763 2993 out
778 2959 859 2996 σασνα
868 2946 948 3011 facit.
972 2942 1037 2996 Inde
1053 2944 1142 3010 laqueo
1159 2943 1248 2994 collum
1265 2944 1411 2994 circundat.
1435 2941 1498 2993 liaeo

338 3024 524 3088 miraculose
536 3025 579 3093 τὴν
591 3023 670 3098 ἀρχὴν
681 3031 726 3079 τοῦ
738 3028 846 3098 στρόφου
857 3027 1013 3082 Laurentius
1029 3043 1166 3098 perperam
1177 3029 1267 3090 vertit3
1282 3038 1369 3080 amoto
1381 3028 1499 3096 imprimit

338 3114 429 3182 inflato.
453 3113 507 3166 Ista
517 3128 579 3166 vero
596 3111 686 3183 περιὼν
702 3109 775 3182 ίβαλε
790 3113 833 3164 τον
850 3113 942 3183 αιἰχίνα
953 3113 1048 3167 uitiosa
1063 3119 1133 3169 sunt.
1157 3113 1247 3166 Scribe
1260 3113 1312 3182 περί
1324 3105 1361 3163 ὧν
1374 3109 1446 3182 εβιιλε
1456 3127 1498 3181 pro

340 3197 479 3268 περιίβαλε;
492 3197 561 3268 quod
573 3197 690 3252 louioum
701 3204 749 3254 est.
776 3197 821 3252 Sie
833 3199 895 3252 aiibi
906 3199 960 3251 κατ’
973 3193 1008 3250 ὧν
1020 3195 1137 3268 ἐκάλυψεν
1151 3205 1177 3251 et
1189 3195 1281 3268 καιάμε
1293 3194 1443 3268 ἐφάρμαξας.
1464 3195 1497 3248 De

337 3283 450 3338 Auiume
461 3283 519 3337 ride
530 3283 736 3338 Alexandrinum
748 3282 908 3338 Clementem
918 3286 947 3337 in
958 3285 1131 3355 Protreptioo,
1142 3283 1287 3336 Luoianum
1297 3284 1326 3336 in
1339 3283 1446 3338 Toxsri.

407 3363 479 3430 Ἐξοῦ
495 3369 523 3421 τά
540 3369 608 3438 γένος
626 3367 756 3439 κατάγεται
773 3369 902 3440 Φρυγῶν]
927 3368 1104 3423 d'lbruoibus
1121 3370 1249 3440 originem
1265 3375 1369 3422 traxere
1381 3367 1496 3437 Phryges

339 3453 474 3509 Derdsnus
486 3460 554 3508 oerte
565 3455 678 3526 primum
689 3456 716 3508 iu
728 3454 908 3510 Samothracia
920 3456 1047 3520 consedit,
1059 3455 1126 3508 unde
1139 3456 1166 3508 iu
1176 3453 1316 3525 Phrygiam
1324 3456 1436 3508 traiecit.
1453 3451 1498 3506 Sed

340 3547 366 3594 et
382 3557 398 3595 s
413 3540 510 3594 Moesis
522 3541 563 3594 uel
578 3540 662 3610 Mysis
678 3541 804 3612 Europeis
822 3543 913 3610 Mysos
930 3541 1058 3595 Asiaticos
1075 3548 1233 3612 propagatos
1250 3546 1378 3594 asssmnt.
1405 3540 1499 3593 Diserte

339 3625 452 3697 idipsum
465 3625 559 3680 Strabo
570 3627 615 3680 lib.
626 3644 652 3680 x.
669 3627 709 3680 aul
727 3627 772 3679 οὐκ
789 3627 886 3689 ἀπεικός
898 3644 939 3698 γε,
955 3625 1038 3697 ὥσπερ
1056 3625 1126 3678 αὐτοί
1144 3625 1166 3678 σί
1178 3625 1275 3697 Φρύγες
1288 3625 1396 3696 Θρακῶν
1409 3621 1498 3678 ἄποικοί

339 3709 397 3782 τίσι,
411 3711 477 3764 οὕτω
488 3711 530 3763 καί
540 3711 571 3764 τά
581 3710 633 3782 ispi:
644 3709 731 3764 ίκίίθεν
745 3712 922 3783 μετενηνέχθαι.

407 3797 559 3868 Μετηνίχθαι
569 3796 597 3849 ti
609 3801 686 3850 ταῦτα
697 3797 729 3859 είς
740 3795 887 3866 Ἕλληνας]
906 3797 1001 3854 Ειιεείι,
1015 3799 1043 3852 ίιι
1055 3797 1181 3852 Chronico
1193 3799 1224 3852 A.
1237 3811 1380 3854 coccum.
1404 3797 1500 3850 Ρνίεινι

340 3884 450 3955 Cecrops
461 3885 545 3936 bovem
556 3885 689 3936 immutans
699 3885 784 3937 Iouem
797 3886 947 3955 appellauit.

406 3967 453 4020 list
464 3964 493 4035 ἦν
506 3967 549 4039 μὲν
561 3969 624 4020 κατὰ
634 3973 722 4020 τοῦτον
734 3969 777 4021 ebe
789 3971 896 4039 καιρόν]
915 3969 1075 4024 Abrsamum
1092 3986 1161 4025 anno
1177 3969 1238 4024 Nini
1255 3987 1321 4024 xum
1338 3975 1432 4022 narum
1445 3981 1499 4020 esse

339 4055 427 4109 doeuit
437 4056 465 4108 iu
477 4053 610 4109 Chroniois
622 4055 764 4120 Eusebius,
779 4055 857 4124 idque
869 4057 979 4124 posteris
992 4057 1113 4110 omnibus
1125 4057 1261 4127 persuasit
1294 4055 1362 4109 Nam
1375 4068 1453 4108 neme
1465 4057 1502 4106 est

338 4147 455 4194 veterum
466 4147 528 4210 poet
537 4139 692 4206 Eusebium,
710 4141 754 4210 qui
770 4157 823 4194 non
839 4157 886 4210 pro
903 4147 973 4194 certo
984 4141 1011 4195 id
1021 4140 1142 4195 habuerit
1152 4159 1183 4196 uc
1194 4149 1318 4212 tanquam
1329 4139 1500 4193 ἀναπόδεικτον

339 4222 416 4296 ιἰρχὴν
429 4223 621 4296 Cbrouologu'ee
631 4243 695 4280 suae
706 4225 864 4297 praefixerit.
888 4225 940 4280 Sed
951 4227 979 4280 in
989 4227 1136 4298 digerendis
1150 4229 1315 4297 Assyriorum
1326 4245 1355 4280 ao
1367 4227 1502 4281 Medorum

339 4310 481 4364 intervallis
493 4312 577 4364 variet
586 4311 723 4366 Eusebius.
743 4311 773 4366 Iu
784 4313 926 4382 posteriore
936 4310 1121 4368 chronicorum
1132 4313 1207 4379 libro,
1220 4315 1265 4384 qui
1277 4329 1358 4366 sunos
1372 4325 1501 4382 expansos

340 4397 527 4466 complectitur,
539 4399 573 4451 ab
585 4403 643 4451 ortu
654 4398 790 4463 Abraumi,
808 4413 886 4468 quem
896 4399 953 4452 vult
964 4415 1021 4452 esse
1032 4398 1094 4452 Nini
1104 4416 1185 4465 xum,
1203 4399 1234 4452 ud
1251 4398 1423 4468 Sardanapali
1436 4412 1502 4450 rnor-

340 4485 393 4534 tem
405 4482 467 4536 anui
478 4489 540 4536 suut
550 4497 595 4540 cro
608 4497 697 4538 cxcvi.
723 4483 824 4538 Additis
836 4483 897 4538 Nini
909 4501 973 4550 run,
986 4485 1030 4554 qui
1042 4485 1166 4538 Abreerni
1177 4485 1291 4538 natalem
1302 4483 1466 4546 antecedunt,
1477 4487 1502 4534 et

339 4563 398 4621 Beli
408 4583 461 4622 urs
473 4567 547 4637 (alibi
558 4585 593 4621 nv
602 4568 673 4622 idem
684 4574 760 4624 autor
770 4570 914 4639 numerat),
932 4570 1049 4624 confiunt
1064 4571 1127 4624 anni
1139 4585 1183 4627 crs
1196 4585 1295 4636 ouem,
1310 4569 1406 4640 quibus
1424 4569 1501 4636 Assy·

340 4652 438 4707 riorum
448 4652 599 4708 monarchis
609 4655 700 4708 tenuit.
723 4655 872 4725 Sequuntur
883 4656 967 4711 Medi:
984 4656 1174 4727 quibussunos
1186 4658 1298 4729 imputat
1309 4671 1388 4711 cour.
1402 4653 1501 4722 ‚ltaque
