3216 5152
135 931 359 1010 DIONYSII
381 933 576 1011 PETAVII
600 936 631 1011 Ε
662 933 929 1014 SOOIETATE
954 935 1063 1014 IESU
1087 935 1301 1014 ANIMAD-

137 1051 402 1132 VERSIONES
419 1053 473 1134 IN
488 1053 876 1252 ffffigfflpffl
898 1054 1034 1152 QUOD
1047 1055 1303 1136 PANARIUM

645 1365 796 1378 -u-uu

530 1495 902 1566 ΠΡΟΘΕΩΡΙΑ.

132 1637 170 1716 St
180 1678 239 1714 oum
251 1665 376 1731 exquisita
388 1678 487 1727 rerum,
503 1665 607 1732 quaein
619 1659 666 1714 hoc
677 1679 752 1732 apere
764 1669 924 1726 tractantur,
942 1664 1068 1714 uarietate
1080 1678 1114 1714 ac
1130 1665 1207 1732 copia
1222 1665 1301 1716 adae·

132 1765 212 1818 quare
224 1751 443 1800 commentationes
456 1756 557 1799 nostras
568 1750 743 1810 instituissem,
760 1765 809 1799 non
820 1747 937 1799 breuibus
952 1751 1015 1800 iisce
1027 1751 1092 1800 notis
1104 1755 1129 1799 et
1139 1749 1301 1800 animaduer-

131 1832 257 1897 sionibus,
272 1833 320 1886 sed
333 1831 476 1901 inuentibus
492 1831 566 1884 libris
577 1835 754 1886 committenda
767 1851 809 1884 res
818 1835 918 1902 suerat.
944 1831 1069 1894 Qnaniam
1082 1841 1164 1884 autent
1177 1851 1252 1902 neque
1264 1852 1302 1886 mc

132 1921 369 1970 commentariorum
381 1919 456 1970 moles
467 1918 515 1970 illa
525 1917 646 1982 delectat,
659 1927 684 1970 et
694 1919 848 1970 eruditorum
860 1917 978 1970 lectarum
985 1919 1107 1986 fastidiis
1119 1920 1301 1971 occurrendum

128 2007 217 2074 potius
228 2003 276 2056 hoc
288 2006 316 2055 in
329 2013 482 2072 certasset,
500 2022 575 2073 quom
592 2004 700 2056 aliorum
717 2005 838 2056 tarditati
854 2003 1043 2066 consulendum,
1059 2003 1130 2054 nulla
1142 2013 1180 2056 est
1190 2003 1300 2056 obtinen-

132 2090 180 2142 dae
192 2109 213 2142 a
225 2107 264 2142 me
275 2091 344 2142 ratio
351 2091 539 2158 praetermissa
556 2088 698 2142 breuitatis.
723 2087 767 2140 Ea
783 2107 841 2142 cero
857 2092 914 2140 uisa
931 2099 967 2142 est
982 2090 1108 2158 imprimis
1124 2090 1257 2153 cc'usmodi,
1274 2100 1302 2142 ut
1328 2119 1331 2136 .

131 2175 251 2227 diuersas
268 2192 299 2228 eu
318 2183 428 2226 veterum
445 2174 625 2244 exemplarium
647 2177 838 2246 comparatione
856 2183 902 2226 aut
917 2193 949 2228 eu
966 2178 1112 2226 coniectura
1130 2173 1248 2225 lectiones
1265 2175 1303 2227 ad

130 2279 205 2314 oram
223 2269 351 2314 contextus
370 2259 539 2324 adsriberem,
557 2267 608 2310 tum
624 2267 653 2312 ut
668 2261 765 2313 leviora
782 2277 894 2330 quaeque
911 2277 944 2312 ac
955 2259 1099 2328 faciliora,
1119 2260 1161 2312 vel
1176 2262 1301 2314 commode
1351 2245 1359 2252 “

131 2345 163 2399 ab
176 2345 242 2398 aliis
254 2345 398 2414 explicata,
415 2363 446 2397 ne
460 2349 609 2414 attinqerem
621 2348 731 2409 ontnino,
749 2355 794 2398 aut
806 2347 917 2416 carptim
929 2345 1085 2415 breviterque
1092 2348 1300 2414 perstrinaerem.

133 2429 303 2494 Quamobrem
315 2439 388 2484 certo
399 2435 557 2500 potissimum
575 2438 725 2500 oecumenta
743 2431 892 2500 deiecimus,
909 2434 937 2482 in
951 2429 1040 2501 quibus
1051 2430 1215 2483 elaborandis
1227 2441 1301 2502 atque

129 2517 296 2570 Quantis
302 2516 446 2585 plusculum
458 2534 551 2586 operae
564 2518 789 2588 disputationisque
806 2525 975 2588 consumptum
988 2524 1036 2580 est,
1054 2533 1119 2584 quae
1133 2519 1250 2569 nimirum
1262 2525 1300 2570 ta·

131 2603 168 2656 lia
180 2619 238 2656 esee
250 2603 446 2666 consideremus,
457 2611 487 2654 ut
497 2603 534 2656 ad
544 2619 627 2654 eorum
639 2603 799 2656 minuendam
808 2601 985 2656 obscuritatem
997 2601 1113 2654 nonnihil
1122 2619 1201 2672 opero
1214 2612 1301 2656 nostra
1344 2605 1350 2616 '

128 2698 217 2759 posset
227 2689 360 2742 accedere.
379 2686 480 2740 Fuerat
489 2689 635 2740 iamdudum
647 2692 759 2753 animus,
771 2693 877 2742 omnium
889 2687 1040 2752 haereseon,
1052 2690 1155 2758 quaein
1167 2686 1214 2740 hoc
1226 2707 1301 2759 opere

131 2781 373 2838 commemorantur,
389 2767 421 2825 uit
435 2770 596 2844 ἱστορούμενα
606 2777 730 2844 primum,
746 2775 837 2826 deinde
849 2777 977 2844 opiniones
989 2791 1021 2826 oc
1034 2773 1154 2842 docmata
1166 2777 1251 2825 onmia
1263 2791 1301 2826 se·

126 2868 228 2932 parata
240 2858 323 2912 libello
330 2863 452 2929 persequi
463 2869 487 2912 ct
498 2863 610 2922 cumina,
623 2877 687 2928 quae
696 2859 861 2930 Epiphanius
868 2862 1037 2930 perscripsit,
1049 2876 1113 2926 quae
1125 2857 1158 2909 ab
1171 2859 1233 2910 aliis
1244 2868 1303 2911 sunt

129 2945 258 2998 Patribus
274 2948 402 3014 suposita,
419 2947 549 3014 conferre:
566 2946 612 2996 sed
623 2944 656 2996 ab
668 2963 696 2998 eo
709 2945 813 2998 consilio
825 2947 946 2998 reuocari
957 2947 1011 3014 ipse
1027 2960 1078 3006 me,
1096 2945 1163 3012 quod
1173 2961 1226 2996 eum
1238 2943 1302 2996 mihi

130 3031 246 3084 laborem
262 3031 409 3083 iamdudum
425 3031 534 3083 aliomm
550 3031 680 3082 industria
697 3030 858 3085 sublevasset.
884 3029 985 3081 Etenim
998 3039 1106 3098 praeter
1123 3037 1219 3080 ueteres
1235 3029 1301 3092 illos,

130 3114 284 3180 Irenaeum,
300 3115 484 3184 Auqustinum,
505 3113 686 3180 Philostrium,
707 3115 908 3180 Damasccnum,
933 3113 1130 3177 Tertullianum,
1154 3112 1301 3166 Clementem

130 3201 353 3264 Alexandrinum,
369 3200 549 3270 Hieronymum
561 3219 594 3253 ac
607 3210 732 3264 caeteros,
749 3204 792 3270 qui
803 3210 848 3253 out
859 3202 891 3253 de
902 3199 1050 3252 haeresibus
1061 3202 1207 3251 nominatim
1218 3204 1301 3270 scrip·

129 3295 221 3340 semnt
232 3294 279 3338 aut
289 3303 376 3340 earum
387 3289 415 3338 in
426 3287 501 3339 libris
514 3291 567 3340 suns
581 3294 711 3356 utcumque
722 3289 888 3350 meminerunt,
905 3288 1059 3338 recentiores
1070 3285 1167 3353 aliquot
1178 3285 1261 3338 eodem
1273 3289 1301 3338 in

131 3379 283 3442 arqumento
299 3389 396 3424 summa
414 3391 469 3424 cum
486 3372 564 3424 laude
583 3381 698 3424 versatos
717 3375 889 3434 memineram·
911 3372 1037 3441 imprimis
1054 3378 1137 3422 autem
1157 3371 1301 3422 Gabrielem

130 3457 281 3512 Proteolum
298 3465 372 3527 atque
391 3458 588 3510 illustrissimum
605 3475 753 3526 maenarum
771 3457 911 3508 Annalium
932 3458 1093 3509 conditam.
1129 3455 1240 3517 Quarum
1257 3457 1301 3508 ille

130 3544 272 3598 haereseon
283 3545 390 3594 omnium
401 3544 622 3597 luculentissimum
634 3543 779 3610 catalapurn
790 3543 892 3594 literato
903 3543 992 3594 ordine
1005 3546 1142 3605 contenuit,
1155 3541 1197 3593 hic
1209 3545 1236 3592 in
1245 3541 1300 3592 An·

131 3630 236 3683 malibus
246 3646 291 3680 sua
302 3645 423 3698 mamque
434 3639 543 3698 tempore
555 3633 730 3697 conm'pnatam
741 3629 856 3698 reliquit.-
873 3637 974 3696 uterque
989 3645 1038 3680 uno
1050 3628 1077 3678 in
1092 3635 1224 3696 conspectu
1236 3645 1300 3696 quoe

131 3716 206 3786 apud
215 3723 312 3766 ueteres
322 3714 381 3767 illos
392 3715 511 3784 dispersa
523 3723 599 3766 eram
609 3731 642 3766 ac
655 3716 782 3784 dissipata
790 3717 932 3784 proposuit.
955 3712 1016 3765 Hac
1027 3716 1108 3781 ipitur
1121 3729 1185 3763 cura
1196 3719 1220 3762 et
1232 3715 1300 3780 coai-

132 3805 229 3854 tatione
238 3800 335 3852 salutm
346 3799 411 3851 hunc
423 3817 497 3850 unum
509 3800 547 3852 ad
556 3817 658 3868 scopum
670 3799 854 3852 commentandi
864 3797 976 3852 laborem
984 3801 1059 3850 istum
1069 3799 1211 3866 conseram,
1222 3799 1302 3866 utqui

132 3885 229 3940 Latine
240 3888 308 3949 ianm
324 3882 371 3936 hoc
384 3893 420 3938 est
435 3887 528 3946 minus,
546 3893 575 3935 ut
587 3902 674 3954 spera,
692 3885 804 3938 barbare
814 3886 898 3937 suedia
910 3894 995 3937 nostro
1007 3885 1116 3952 loquitur
1128 3879 1299 3950 Epiphanius,

133 3973 200 4024 idem
211 3969 289 4022 Natis
298 3973 355 4023 istis
367 3978 392 4022 et
400 3969 672 4022 Animadversionibus
683 3989 733 4041 qua
746 3973 902 4038 castiaatus,
920 3987 971 4040 qua
982 3969 1107 4020 illustrior
1111 3969 1203 4036 sactus
1208 4005 1216 4030 ,
1234 3967 1299 4019 dilu-

134 4058 191 4110 cide
203 4064 278 4123 atque
289 4055 457 4123 intellipcnter
468 4055 498 4107 id
501 4057 606 4123 saciat,
622 4059 690 4108 omni
700 4055 856 4108 obscuritate
868 4056 977 4109 detersa.

164 4211 218 4278 DE
231 4208 516 4278 INSORIPTIONE
532 4208 1010 4379 Opffi'riglglhssffiom
1023 4205 1263 4275 HAERESEON
1325 4249 1374 4304 μ
1417 4195 1423 4216 ’

202 4429 268 4486 Gom
279 4429 403 4486 adsersus
415 4449 487 4486 um
498 4430 632 4495 morosos,
652 4446 719 4501 ques
730 4429 764 4484 sd
775 4445 851 4483 susm
863 4433 975 4483 sautem
986 4429 1138 4495 extiterant,
1150 4433 1300 4502 susceptum

136 4532 191 4572 sse
202 4515 252 4572 hoc
263 4534 329 4590 opus
340 4517 492 4589 profitentur
502 4515 676 4588 Epiphanius,
688 4516 738 4570 dua
752 4515 879 4586 quasdem
890 4520 1030 4570 occurrunt
1039 4515 1067 4568 in
1079 4531 1109 4569 eo
1121 4515 1227 4586 nogotio
1239 4531 1299 4570 cau·

136 4603 279 4658 sidersuds.
313 4603 431 4658 Alterum
447 4602 563 4660 haeresis
580 4619 677 4658 nomeu
691 4602 818 4658 latissime
833 4601 861 4656 iu
877 4601 1033 4673 quibusdem
1049 4601 1181 4672 usurpati,
1201 4617 1250 4658 uec
1266 4600 1299 4656 sd

1056 4703 1096 4758 Δ.
