3216 5152
1183 333 1290 392 XXXV

136 458 204 560 cho
218 457 376 560 essebur
397 487 488 551 eurr
505 491 557 552 er
577 489 710 548 enerues
728 453 827 560 rebem
844 487 965 580 ηιοοιιτ
982 491 1034 553 ον
1050 491 1171 578 ησσον-ι
1189 461 1288 562 rebem

133 573 181 626 lieo
192 579 239 626 eet:
252 570 395 642 παρελθέτω
406 571 549 633 ταπείνωσις
561 569 587 624 la
600 571 711 642 ποτέρων
724 589 786 642 μου,
802 575 844 640 τῆς
857 571 1013 644 δολιότητος,
1026 577 1069 640 τῆς
1081 572 1289 642 καταπατησάσης

134 656 213 724 αθτοθ,
233 657 275 709 aul
296 658 385 719 πόνους
407 657 625 724 αατσπατησαντος
642 656 745 722 αθτοθς,
765 659 808 723 τῆς
824 656 968 724 θολιότητος
985 657 1012 710 la
1033 657 1146 730 πατέρων
1162 678 1224 731 μου,
1246 663 1288 728 τῆς

132 741 291 804 ταπτινώστως
303 745 345 809 τῆς
357 741 547 813 παρελθούσης,
556 741 581 795 le
598 741 727 814 ἀποστολῇ
744 741 899 803 τελειώσεως·
933 742 985 798 Ubi
1000 744 1127 798 nonnulla
1141 745 1289 798 necessario

132 829 355 894 commutavimus,
371 827 441 898 quod
457 829 532 882 ahter
549 829 670 882 extricari
687 828 816 882 sententie
831 845 885 882 uon
902 833 1012 900 poterat.
1047 828 1099 882 Sed
1114 830 1243 900 imprimis
1259 829 1288 882 rb

131 912 226 983 νωχιλὲ,
242 913 313 984 quod
328 911 468 984 κατάκρισιν
479 915 552 968 nullo
567 913 645 968 modo
663 913 804 984 siguificat
837 913 894 967 Nisi
910 913 973 983 quid
988 915 1075 985 aptius
1091 929 1123 968 ae
1133 915 1227 968 melius
1239 915 1289 968 Hc-

130 997 225 1052 braicae
232 999 340 1070 linguae
348 999 637 1070 peritierosrepererint,
649 999 779 1070 quoduou
788 999 964 1071 desperamus.
976 999 1011 1052 ht
1016 999 1133 1070 Scaliger
1143 1000 1201 1054 loco
1212 1001 1289 1055 citato

130 1084 221 1138 uellam
237 1085 267 1138 in
281 1085 333 1138 ista
346 1085 484 1139 verborum
496 1086 665 1156 conceptione
680 1085 804 1156 precandi
818 1085 959 1139 formulam
973 1085 1059 1138 inesse
1074 1090 1163 1156 petat,
1179 1085 1225 1140 sed
1236 1091 1289 1140 tres

130 1168 222 1240 γνώμας
239 1185 271 1224 ac
281 1170 467 1240 magistrorum
478 1171 629 1226 renuntias.
657 1171 745 1224 Prima
760 1175 800 1224 est
821 1141 919 1244 τέξῃ)
937 1176 1030 1232 mm
1048 1175 1100 1236 epp
1118 1177 1223 1238 ηψπ,
1240 1170 1290 1226 1100

130 1261 167 1307 est
176 1255 395 1327 ταπεινοφροσύνης
407 1255 576 1326 παρελθούσης
588 1253 740 1327 θπειςᾶγεται
757 1255 883 1322 δολιθτηςι
911 1256 962 1317 Qut
972 1255 1137 1310 humilitatem
1150 1258 1290 1324 abdicauit,

130 1358 200 1410 coepe
215 1343 252 1412 fit
259 1343 451 1411 fraudulentus.
485 1341 606 1396 Secunda
629 1312 728 1415 ⁸5³„
751 1343 865 1403 ΝΜ
887 1345 939 1404 'tw
956 1343 1072 1403 Uilli&
1094 1347 1290 1403 καταπατοῦντες

132 1423 208 1477 πενέσν
220 1430 390 1478 ααταπατοῦσι
406 1425 551 1492 δολιέτηται
578 1428 630 1488 Qut
641 1429 791 1480 conculcant
798 1435 991 1498 paupertatem,
1003 1429 1289 1497 couculcootjruedcrr.

129 1509 210 1565 Tertia
217 1511 331 1582 denique
342 1483 421 1586 nbi)
432 1516 500 1576 'tw
512 1516 563 1577 *cit
575 1517 680 1574 lime
694 1511 877 1578 θπειςελθοθσης
886 1511 1058 1578 ταπεινότητος
1067 1511 1149 1584 ᾤχετο
1159 1509 1290 1584 ἀσπασμός

132 1596 179 1658 tior
187 1615 218 1650 aa
228 1599 308 1650 dicits
317 1602 515 1668 paupersuctce
525 1608 573 1664 cat,
589 1617 639 1652 ooo
653 1599 770 1651 salvater
785 1608 814 1652 ut
829 1607 895 1652 unta.
918 1597 1046 1662 Quocirca
1061 1599 1094 1652 ab
1106 1598 1224 1652 Hebraeo
1235 1599 1289 1666 illo,

129 1697 203 1752 quem
213 1682 375 1755 Epiphanius
387 1683 565 1750 consuluerat,
576 1683 667 1738 lucum
678 1699 736 1738 esso
747 1683 848 1737 iactum
858 1683 999 1737 existimat
1023 1683 1061 1737 De
1074 1699 1126 1754 qua
1136 1699 1164 1736 re
1176 1685 1290 1755 amplius

128 1767 271 1823 ridendum.
298 1768 415 1840 Apparet
430 1775 519 1824 autem
533 1769 562 1823 in
578 1769 664 1840 priore
675 1769 817 1835 renuntia,
833 1785 913 1840 quam
923 1767 1084 1840 Epiphanius
1096 1771 1217 1840 exponit,
1229 1775 1290 1824 autc

128 1823 201 1926 nst)
221 1853 314 1909 deesm
333 1854 503 1922 vccabulum,
530 1854 600 1926 quod
623 1853 667 1923 τὴν
687 1850 829 1922 ἀποστολὴν
849 1855 993 1926 significet3
1013 1871 1060 1926 pro
1081 1869 1133 1926 quo
1154 1825 1290 1930 nimbi:

127 1939 316 1995 mittiteimus.

404 2075 450 2132 AD
465 2075 640 2134 marusim
654 2077 718 2132 XX.
733 2077 1012 2134 summarorium

189 2195 352 2253 Herodienos
358 2235 366 2264 ,
377 2211 489 2268 quorum
498 2197 527 2252 iu
537 2199 674 2268 evangelio
685 2199 784 2252 mentio
796 2204 849 2264 est,
861 2199 906 2252 alii
916 2199 950 2252 ab
961 2197 1063 2253 Herode
1073 2197 1187 2270 blegne,
1198 2197 1245 2252 elii
1255 2196 1289 2254 ab

126 2282 180 2337 eiua
189 2283 245 2338 filio
256 2283 358 2337 Herode
368 2283 465 2354 Anu'pa
474 2285 623 2338 nominatos
634 2284 796 2340 existimant.
822 2281 938 2337 Priorem
955 2285 1111 2338 sentcntiam
1127 2288 1213 2337 tuetur
1228 2283 1290 2355 Epi·

126 2367 248 2440 phanius,
260 2369 306 2440 qui
317 2368 555 2423 etlierodianorum
567 2375 665 2424 sectam
676 2385 708 2424 ae
718 2370 815 2440 dogma
823 2370 928 2440 copiose
936 2371 1108 2441 persequitur.
1126 2369 1193 2423 (lum
1201 2375 1290 2424 autem
1315 2393 1337 2432 p.
1346 2379 1377 2425 ce.

126 2453 155 2508 de
175 2455 280 2510 Herode
299 2453 382 2525 deque
402 2453 557 2509 Herodianie
578 2456 774 2509 accuratissime
802 2454 1026 2527 eruditissimoque
1047 2455 1180 2510 Sertorius
1200 2462 1290 2512 noetcr

126 2541 249 2610 peculari
259 2541 287 2594 iu
299 2555 376 2612 opere
386 2539 569 2611 disputaverit,
585 2557 670 2612 usque
682 2542 823 2612 quicquam
839 2541 908 2612 quod
920 2557 951 2596 eo
962 2543 1103 2612 pertineret
1112 2543 1240 2596 intactum
1250 2543 1290 2598 iu·

126 2624 276 2696 dictumque
290 2625 434 2696 reliquerit,
451 2641 640 2697 supervacuum
656 2627 838 2681 uictimarios
854 2627 963 2681 uerbum
980 2627 1093 2699 amplius
1112 2627 1196 2680 uilem
1212 2645 1290 2699 cuper

126 2726 157 2764 ea
171 2728 199 2765 re
210 2710 313 2776 iacere,
331 2725 391 2764 cum
403 2710 437 2765 ad
447 2727 555 2766 manum
568 2713 604 2765 sit
613 2713 680 2767 liber
691 2713 734 2766 ilie
745 2713 774 2766 in
786 2727 837 2782 quo
849 2712 882 2766 de
892 2712 1001 2767 Herodis
1013 2729 1122 2783 genere,
1134 2712 1289 2780 conditione,

126 2796 206 2868 deque
217 2796 374 2852 Herodiauis
386 2813 417 2851 ac
428 2797 550 2862 caeteris,
563 2813 629 2868 quae
640 2796 690 2852 hoc
701 2798 759 2852 loco
771 2797 859 2868 attigit
868 2796 1043 2868 Epiphanius,
1055 2797 1192 2868 diligentm
1204 2798 1289 2870 expli·

129 2883 206 2948 sarit,
218 2899 251 2937 ae
262 2882 389 2954 Scaligeri
399 2880 563 2936 ἀναπόδεικτα
574 2882 606 2936 de
617 2882 717 2937 Herode
729 2883 832 2937 somnia
842 2883 1001 2937 validissime
1013 2883 1144 2939 refutavit

191 2965 294 3034 Ἐπειθή
304 2965 373 3037 πορθ
386 2966 498 3038 Ἡρώδης
509 2965 579 3039 οἰός]
608 2968 647 3022 Ι)ο
659 2967 767 3022 Herodis
782 2973 889 3039 parente
900 2985 1001 3038 uroque
1015 2985 1033 3022 a
1046 2968 1158 3040 Iosepho
1170 2968 1290 3023 dissenti-

125 3053 336 3118 unthlrieauus,
352 3052 493 3120 Eusebius,
510 3051 683 3124 Epiphanius,
701 3054 796 3124 aliique
807 3053 897 3108 Patres
914 3069 1013 3108 omues.
1042 3054 1147 3109 Etenim
1159 3055 1204 3108 ille
1215 3055 1289 3108 Anti·

125 3145 228 3209 patrum
239 3139 393 3194 idumaeum
405 3139 514 3192 Herodis
524 3143 626 3210 patrem
637 3138 808 3210 praedivitem
819 3155 850 3192 ac
860 3143 993 3210 potentem
1003 3139 1085 3194 leima
1096 3140 1197 3206 scribit,
1210 3155 1289 3194 avum

124 3229 211 3278 autam
225 3225 352 3296 Antipam
368 3224 508 3279 Idumaeae
527 3225 560 3278 ab
580 3225 728 3278 Alexandro
748 3239 811 3295 rego
830 3225 1015 3296 praepositum.
1047 3225 1083 3278 At
1099 3225 1189 3280 Patrae
1209 3243 1288 3280 auum

123 3309 231 3364 Eerodis
243 3315 271 3364 et
280 3315 416 3380 parentem
427 3310 625 3365 obscurissimos
638 3327 668 3364 ac
679 3311 857 3382 pauperrimos
873 3311 992 3364 extitisse
1004 3319 1163 3378 memorant,
1183 3316 1213 3364 ut
1228 3329 1290 3365 cum

122 3395 274 3468 Antipater,
286 3411 303 3448 a
314 3412 365 3467 quo
376 3395 491 3452 Herodes
503 3395 607 3466 genitus
620 3402 672 3462 eet,
688 3401 781 3467 captus
793 3396 827 3450 ab
837 3395 969 3450 Idumueis
982 3402 1063 3462 esset,
1080 3397 1200 3452 redimis
1216 3405 1290 3468 patre

124 3497 170 3536 suo
182 3487 291 3553 propter
300 3482 416 3552 inopiam
427 3481 534 3536 minimo
545 3482 666 3554 potuerit
685 3480 786 3536 Debeo
798 3482 950 3552 quaestione
962 3483 1068 3538 consule
1079 3499 1146 3554 quae
1158 3483 1289 3537 bertarius

123 3567 201 3622 citato
212 3569 272 3622 loco
283 3567 396 3622 tradidit

189 3649 312 3723 Ὕστερον
333 3651 360 3706 bi
381 3650 496 3723 έριλιώθη
513 3652 672 3724 Δημητρίω]
706 3652 854 3708 Demeuius
873 3654 923 3708 iste
943 3659 1117 3725 cognomento
1133 3651 1252 3725 Εὔκαιρος
1273 3671 1289 3708 u

124 3736 227 3792 iudaeis
243 3737 392 3792 monuo
408 3739 466 3810 regi
481 3755 529 3793 suo
546 3739 655 3794 tulensis
675 3738 708 3793 ad
725 3741 854 3794 auxilium
869 3745 978 3794 recatus
994 3756 1055 3794 cum
1070 3757 1101 3795 ec
1117 3740 1244 3811 pugnavit
1263 3741 1290 3793 et

122 3825 221 3894 praebe
233 3825 374 3896 reperavit.
395 3823 449 3880 ded
459 3840 521 3878 curu
528 3824 714 3880 Alexanderiu
724 3831 828 3880 montes
839 3841 897 3879 sese
908 3826 1048 3896 recepisset
1058 3827 1092 3879 ad
1106 3841 1218 3895 sumque
1231 3825 1287 3896 plu-

123 3909 181 3962 rimi
196 3907 399 3976 conduxissent,
418 3910 522 3964 territus
533 3909 680 3966 Demetrius
696 3911 786 3965 relicta
800 3911 897 3965 Iudaeo
913 3917 1004 3966 contra
1019 3909 1167 3982 Philippum
1180 3911 1288 3965 manem

123 3993 221 4048 bellum
232 4009 374 4066 aggressus
386 4001 433 4050 est
455 3995 486 4050 in
495 4011 547 4066 quo
558 4011 576 4048 a
585 3994 687 4049 Parthis
698 4001 789 4067 captus
800 3997 891 4051 morbo
900 3996 969 4068 apud
980 3995 1086 4050 eosdem
1098 3997 1228 4050 extinctus
1240 4001 1288 4051 est.

123 4077 299 4143 Quamobrem
314 4080 379 4134 nihil
390 4097 451 4134 cum
462 4097 493 4134 eo
504 4079 613 4135 Herodis
624 4097 719 4151 pareus
730 4083 865 4152 Antipater
877 4097 1014 4136 commuue
1024 4080 1128 4146 habuit,
1151 4081 1247 4135 nedum
1258 4085 1289 4135 ut

122 4165 156 4218 ab
165 4165 212 4221 illo
224 4164 335 4221 Iudaeae
351 4167 539 4238 pmciecturam
554 4166 703 4222 obtinuerit.
724 4167 760 4220 ht
768 4167 879 4222 Herodis
894 4182 960 4220 arus
971 4166 1096 4238 Antipas,
1111 4183 1164 4238 quo
1181 4173 1287 4239 parente

122 4255 200 4304 natus
216 4251 416 4323 cornupetas,
435 4251 584 4309 Aleaaudm
599 4252 656 4322 regi
679 4267 801 4323 percarus
816 4253 850 4305 ab
866 4267 950 4322 eoque
969 4251 1107 4306 Idumaeae
1123 4253 1286 4324 praepositus

122 4341 174 4402 cat,
184 4343 278 4390 autore
287 4336 397 4410 losepho
407 4338 453 4393 lib.
464 4357 517 4394 arr.
530 4353 587 4409 cap.
595 4353 624 4393 rr.
636 4336 805 4409 Euspioamur
815 4337 903 4408 itaque
912 4337 1089 4408 multiplicior
1099 4336 1286 4392 hallucinatum

121 4419 310 4494 Epiphaniam
326 4425 441 4495 primum
457 4423 528 4496 quod
537 4423 698 4478 Demetrium
708 4439 756 4494 pro
767 4421 915 4477 Alexandro
931 4423 1072 4493 posuerit3.
1083 4427 1140 4476 tum
1155 4423 1224 4494 quod
1235 4423 1286 4478 iio·

122 4507 192 4562 radis
207 4515 342 4580 parentem
358 4527 406 4582 pro
421 4523 485 4575 arc,
503 4509 626 4565 iudaeam
640 4509 687 4582 p'ro
702 4509 826 4563 idumaea
835 4507 986 4580 imprudens
996 4509 1166 4581 usurpaverit
1189 4509 1285 4574 Qucu-

123 4595 162 4649 ris
184 4593 257 4666 quod
275 4596 308 4651 ad
326 4595 517 4668 praeieoturam
535 4597 640 4662 attinet,
662 4595 725 4652 alibi
740 4611 819 4666 saepe
837 4593 1003 4666 Antipatrum
1020 4595 1130 4652 Heredis
1151 4601 1289 4667 partuum

1045 4695 1085 4756 01
