3200 5158
321 343 400 400 ctvr

320 493 428 554 modurn
445 497 611 566 deflexerint,
628 505 659 554 nt
675 501 752 572 paulo
769 507 831 573 post
848 502 953 573 copiose
969 501 1150 570 declarabitur,
1168 505 1231 572 alia,
1251 505 1274 560 si
1293 507 1426 580 sapimus,
1445 507 1481 562 in·
1572 497 1573 546 l

320 584 436 639 sistenda
446 586 489 639 ria
501 591 554 652 eat;
571 591 600 640 ut
617 587 754 640 autoritate
772 588 857 658 magis
874 589 1028 660 scriptorum
1040 595 1157 644 veterum
1168 607 1198 644 ao
1211 607 1339 646 consensu
1354 609 1431 664 quam
1443 609 1481 646 ao

321 676 413 724 curata
424 671 575 726 coelestium
586 677 704 726 motuum
717 672 889 744 descriptione
900 674 1021 728 nitamur.

389 756 423 812 At
434 774 495 812 vero
511 757 564 810 init
578 759 624 812 illa
640 759 755 812 maxime
773 759 920 813 communis
936 760 1111 830 antiquiorum
1128 761 1229 832 opinio,
1248 761 1381 816 Christum
1392 761 1482 818 'liberii

321 859 391 896 anno
403 861 490 910 nrum,
506 843 608 898 Iuliano
621 861 709 900 uxxvr.
725 861 834 915 passum
850 861 922 910 eaee3
939 845 1008 916 quod
1025 845 1184 917 Epiphanius
1200 849 1340 918 amplexus
1357 855 1411 914 est,
1426 866 1481 904 eum

320 944 419 984 annom
435 929 509 982 illum
523 929 672 1000 designarit
688 946 739 1000 qno
751 930 870 986 Tiberius
882 949 917 986 vr.
937 937 964 984 et
974 930 1085 986 Seianus
1098 949 1165 988 cors.
1180 932 1299 1000 inerunt,
1317 935 1393 1006 eyolo
1410 935 1481 990 lunae

320 1031 391 1080 xum,
407 1015 471 1070 solis
483 1033 543 1080 xu.;
559 1016 609 1068 etsi
619 1015 749 1070 Vinicium
761 1021 788 1069 et
798 1015 948 1087 Longinum
959 1033 1094 1089 perperam
1106 1017 1248 1085 adscribat,
1265 1019 1336 1091 quod
1347 1035 1396 1091 par
1406 1037 1482 1075 unum

320 1117 388 1156 oum.
400 1101 428 1154 in
439 1099 491 1154 duo
503 1101 662 1158 distraxerit.
695 1100 743 1156 ast
754 1107 841 1156 autem
852 1102 876 1154 is
889 1117 972 1156 annos
985 1102 1086 1174 Olyrnp.
1097 1119 1160 1158 oon.
1170 1104 1298 1158 secundus
1309 1105 1417 1172 exiam,
1431 1123 1479 1178 per.

319 1185 436 1241 Iulianae
447 1187 522 1242 4744.
558 1185 710 1240 Cuiusmodi
724 1203 852 1242 annorum
863 1205 961 1242 nexum
973 1189 1145 1243 certissimum
1158 1205 1214 1243 esse
1226 1190 1360 1246 rationum
1371 1193 1480 1246 omnium

320 1277 454 1327 momenta
471 1272 636 1344 persuadent.
671 1272 746 1337 Quod
763 1279 850 1326 autern
868 1273 964 1326 Tiberii
978 1291 1042 1329 xvrr.
1061 1279 1186 1339 exeunte,
1204 1273 1422 1343 intimorum,
1438 1275 1481 1331 hoa

321 1363 362 1412 est
373 1357 445 1427 cyclo
458 1375 515 1412 nur.
527 1373 622 1428 passus
634 1358 682 1423 sit,
697 1358 903 1412 demonstratum
915 1363 955 1412 est
966 1375 982 1412 a
992 1360 1130 1430 plerisque.
1164 1359 1231 1426 Noe,
1248 1363 1376 1432 quoniam
1391 1363 1428 1416 ita
1441 1381 1480 1416 ne-

322 1460 393 1498 cesse
405 1447 457 1509 est,
470 1459 573 1498 summu
584 1443 769 1514 probationum
781 1443 866 1515 capita
877 1444 1024 1499 libabimus.

389 1528 512 1583 Omnium
522 1529 606 1600 primo
618 1534 694 1582 ratus
705 1529 749 1582 illa
761 1529 865 1584 traditio
877 1535 930 1595 eat,
948 1545 1028 1600 quarn
1042 1531 1070 1584 in
1082 1529 1244 1586 Caesariensi
1256 1533 1368 1588 coneilio
1386 1537 1480 1586 secutos

321 1631 379 1670 osse
387 1619 474 1686 patrae
483 1615 661 1686 fragmentum
669 1614 733 1668 illud
746 1615 856 1680 iudicat,
868 1614 937 1686 quod
946 1615 1017 1668 Reda
1026 1614 1172 1686 descripsit,
1184 1617 1230 1671 nbi
1239 1616 1359 1672 Christus
1371 1634 1403 1671 aa
1412 1623 1480 1672 noste

321 1701 431 1754 traditus
443 1700 537 1754 dieitur
549 1717 615 1771 quae
630 1701 748 1770 sequitur
764 1719 801 1755 ιι.
813 1699 871 1754 Kal.
882 1701 956 1772 Apu,
972 1717 1067 1772 passus
1078 1718 1138 1755 vero
1155 1720 1181 1757 a.
1193 1702 1249 1758 Kal.
1261 1703 1323 1774 hpr.
1342 1709 1420 1776 atque
1431 1721 1479 1759 rm.

321 1788 379 1842 Kal.
391 1787 573 1840 resurrexisse.
594 1785 676 1857 Igitur
688 1787 790 1840 literam
802 1786 946 1840 dominicae
958 1786 1039 1840 iuisae
1052 1785 1075 1840 G
1086 1801 1194 1843 necesse
1205 1794 1256 1853 eat,
1268 1790 1344 1858 oyolo
1357 1789 1418 1842 solis
1429 1807 1479 1852 arn,

323 1889 400 1944 quem
418 1889 502 1926 annus
518 1872 635 1926 Iulianus
648 1889 736 1927 axam.
754 1871 868 1928 exhibet
902 1871 954 1926 Sed
969 1871 1038 1942 quod
1053 1871 1179 1926 Deherius
1195 1877 1285 1927 noster
1297 1872 1368 1928 hano
1385 1880 1478 1945 patrum

322 1960 471 2032 opinionem
480 1961 548 2012 aedis
561 1960 718 2029 apostolicus
729 1960 929 2011 declarationem
942 1975 974 2010 uc
984 1959 1050 2010 velut
1059 1959 1181 2012 ructemus
1191 1959 1357 2022 definitionem
1367 1961 1478 2032 appellat,

320 2045 402 2100 nihilo
413 2045 439 2100 id
450 2045 537 2098 rarius
549 2050 590 2098 eat
600 2060 680 2114 quam
693 2044 761 2114 quod
773 2044 864 2098 eadem
880 2045 908 2097 in
924 2042 1024 2114 synodo
1040 2042 1137 2097 dietum
1153 2051 1204 2110 eat,
1220 2045 1415 2115 aequinoctium
1425 2061 1478 2098 xxv.

320 2133 409 2188 Martii
420 2131 560 2195 committi,
576 2146 644 2184 auno
657 2127 752 2184 Christi
765 2145 886 2194 exuam,
899 2135 936 2195 et,
948 2128 1018 2201 quod
1029 2129 1108 2200 longe
1119 2129 1255 2183 absurdius
1267 2135 1319 2196 eet,
1337 2129 1428 2184 eodem
1438 2131 1477 2184 illo

322 2219 363 2272 die
374 2218 448 2272 initio
460 2215 558 2272 conditi
568 2217 637 2270 orbis
646 2215 771 2272 haesisse.
789 2215 886 2270 Notum
898 2215 968 2268 enirn
980 2219 1021 2267 est
1031 2215 1145 2268 rationes
1156 2217 1240 2286 ipsas,
1252 2231 1318 2286 quae
1331 2218 1359 2270 in
1372 2215 1478 2271 ooueiliis

320 2303 472 2368 afferuntur,
484 2319 569 2373 neque
581 2317 655 2355 raras
667 2318 725 2355 ease
736 2307 875 2373 perpetuu,
890 2317 975 2372 neque
991 2301 1057 2354 inter
1072 2300 1133 2355 fidei
1150 2300 1253 2354 decreta
1264 2303 1372 2356 censeri.
1403 2301 1478 2354 Habet

321 2396 410 2444 tamen
422 2388 547 2442 autoritas
559 2387 605 2440 illa
616 2403 781 2440 communem
794 2387 824 2440 de
834 2386 962 2458 passionis
974 2387 1219 2456 resurrectionisque
1230 2387 1270 2440 die
1278 2385 1359 2441 fidem
1367 2387 1478 2440 vomam·

321 2477 448 2530 simorum
458 2479 618 2544 temporum
636 2472 669 2524 ad
686 2487 765 2542 quam
782 2475 808 2526 et
819 2473 863 2525 illa
880 2471 1044 2542 adiungenda
1059 2472 1208 2526 testimonia
1219 2477 1281 2526 eunt
1292 2473 1388 2543 quibus
1398 2472 1476 2544 passio

322 2562 421 2616 domini
433 2576 456 2614 a„
469 2557 493 2612 d.
505 2576 531 2614 x.
543 2558 601 2614 Kal.
614 2558 689 2628 ripn,
701 2557 750 2611 hoe
763 2564 804 2612 est
815 2576 889 2611 xxrrr.
902 2557 1002 2624 Martii,
1014 2558 1167 2612 resurreetio
1178 2574 1239 2611 raro
1251 2557 1279 2611 in
1290 2577 1348 2612 vm.
1357 2558 1414 2612 tint.
1425 2575 1477 2611 oon·

320 2647 419 2712 iioitur;
431 2661 511 2716 quarn
524 2643 630 2699 Graecis
641 2643 732 2698 tribuit
742 2642 839 2698 Paulus
850 2643 1063 2714 Furosampron„
1075 2649 1101 2696 et
1110 2643 1261 2698 Lactantius
1273 2649 1379 2698 uerutus
1391 2649 1430 2698 est
1439 2643 1476 2696 hb.

321 2752 370 2798 nv„
388 2748 445 2802 sap.
457 2749 484 2787 a.
518 2729 569 2784 Ubi
584 2730 679 2784 asserit
695 2728 941 2793 annoxv.‘1'iberii,
960 2728 1077 2783 Geminis
1093 2728 1195 2784 duobus
1209 2745 1290 2796 coss,
1307 2735 1370 2784 anta
1382 2729 1477 2784 diemx.

320 2817 379 2874 aar.
388 2817 449 2890 hpr.
462 2816 593 2872 Christum
605 2815 676 2870 oruui
687 2813 806 2870 affixum.
830 2813 882 2868 Sed
893 2831 939 2884 pro
952 2833 977 2870 x.
986 2815 1044 2871 Kal.
1057 2815 1163 2886 quidam
1175 2813 1276 2869 ondioes
1288 2833 1334 2870 arr.
1347 2814 1447 2868 habent

388 2903 485 2960 Paulus
496 2920 558 2959 aero
570 2901 769 2972 Forosempron.
781 2899 922 2954 antediem
935 2899 1061 2956 decimam
1071 2900 1246 2955 Kalendarum
1258 2899 1326 2954 idem
1343 2916 1401 2954 esse
1410 2901 1477 2970 putat

322 2990 392 3062 quod
404 3007 439 3044 nr.
451 2988 517 3056 nat,
529 2994 555 3043 et
564 2988 639 3042 Pauli
649 2987 789 3044 Iuriscons.
802 2986 888 3040 verbis
901 2986 989 3051 utitur,
1001 2987 1047 3058 qui
1057 2987 1106 3040 ait:
1119 2987 1186 3039 Ante
1199 2989 1264 3040 diem
1274 3004 1298 3040 r.
1305 2985 1475 3040 Kelenderis

322 3085 413 3147 etpost
424 3078 489 3130 diem
505 3095 531 3130 x.
544 3075 606 3129 Kal.
619 3092 696 3145 oeque
708 3081 811 3142 utroque
822 3089 933 3126 emmone
947 3091 983 3126 xr.
997 3074 1051 3126 dier
1061 3075 1214 3141 eipas'firun'.
1250 3071 1346 3128 Varum
1363 3069 1476 3126 mendosa

321 3163 398 3218 lertio
410 3162 520 3216 Paulum
530 3159 819 3231 Forosempronieneem
831 3158 859 3212 in
870 3173 983 3212 errorem
994 3159 1106 3212 induxit
1128 3157 1196 3212 Nam
1210 3159 1256 3214 lib.
1270 3173 1372 3215 cxxxrr.
1385 3159 1408 3224 t.
1418 3156 1439 3208 1.
1449 3153 1475 3206 da

320 3249 398 3306 Verb.
409 3247 505 3318 Signis.
515 3245 717 3301 Iurisconsultus
729 3245 766 3298 ita
776 3245 939 3314 pronunciat
956 3247 992 3299 A.
1000 3245 1025 3298 d.
1034 3262 1059 3298 x.
1070 3243 1132 3298 Kal.
1141 3253 1201 3314 post
1212 3246 1276 3297 dieas
1288 3261 1313 3298 x.
1322 3243 1386 3298 Καὶ,
1398 3249 1473 3295 sesto

321 3353 434 3389 eermorm
446 3351 482 3388 11.
492 3335 546 3386 dies
557 3334 742 3400 eipaifiooutur.
777 3329 851 3384 certo
869 3345 893 3384 a.
905 3329 930 3384 d.
947 3347 973 3386 x.
985 3329 1042 3384 Kal.
1058 3329 1127 3384 idem
1139 3328 1259 3400 estquod
1271 3329 1379 3395 x.Kal.‚
1397 3341 1473 3398 quent·

321 3419 463 3475 admodum
480 3423 540 3472 ante
556 3417 615 3472 Kal.
633 3417 766 3488 proximas
782 3416 850 3470 idern
866 3424 907 3470 est
922 3415 991 3486 quod
1005 3415 1062 3470 Kal.
1079 3415 1204 3487 proximis
1219 3415 1265 3469 lib.
1278 3413 1320 3468 56.
1339 3418 1362 3483 ξ.
1381 3414 1429 3476 Qut
1440 3415 1472 3464 es

321 3509 467 3578 stipulatur.
484 3503 515 3558 D.
528 3503 559 3558 de
571 3503 647 3557 Verb.
658 3501 715 3556 Obh
732 3500 892 3556 dubauditur
903 3502 972 3556 euim
984 3501 1093 3572 aliquid¹
1106 3505 1135 3554 ut
1146 3502 1181 3554 sit
1191 3501 1292 3572 integra
1303 3500 1412 3556 locutio:
1424 3505 1473 3550 sote

323 3595 389 3646 diem
402 3592 550 3646 obsoletum.
568 3589 633 3644 Hine
645 3594 686 3642 eet
697 3587 766 3658 quod
776 3587 926 3642 Gallicanae
938 3587 1061 3642 ecelesiae
1072 3587 1267 3642 resurreetionis
1277 3585 1375 3642 festum
1385 3587 1410 3640 in
1421 3599 1471 3638 ur.

321 3678 410 3734 Martii
422 3675 571 3739 defixerint,
590 3678 620 3728 nt
636 3679 712 3727 autor
729 3679 770 3728 ast
785 3673 868 3738 Beda;
886 3674 969 3745 quiet
985 3673 1041 3743 ipse
1057 3673 1102 3727 lib.
1115 3672 1146 3726 de
1158 3671 1247 3742 Temp.
1258 3671 1318 3727 liat.
1336 3689 1391 3744 cap.
1403 3685 1470 3724 nuru

322 3763 421 3820 decimo
432 3761 490 3818 aar.
503 3775 612 3832 passum
623 3759 759 3814 existimat
770 3757 912 3823 Ghrhtumr
929 3759 978 3812 emi
989 3774 1045 3830 oap.
1055 3773 1137 3812 anarr.
1152 3758 1179 3812 id
1194 3775 1250 3812 vrrr.
1262 3757 1319 3814 ital.
1334 3758 1428 3812 fautum
1437 3769 1471 3806 aa·

321 3855 431 3906 uosmet.
466 3847 544 3902 Plura
556 3844 625 3918 apud
635 3843 776 3900 Dekorium
786 3843 868 3898 videri
879 3850 996 3914 possunt.
1031 3843 1131 3908 Quibus
1143 3843 1298 3898 testimoniis
1310 3843 1425 3904 efficitur,
1436 3839 1470 3892 ln·

320 3937 392 3994 liano
404 3951 494 3990 aner.
512 3949 621 4004 passum
637 3947 695 3985 esse
713 3929 860 3995 domiuum,
876 3929 962 3982 Martii
975 3947 1050 3984 xxm.
1084 3930 1169 3999 Atque
1179 3929 1244 3982 haee
1254 3929 1361 4000 insuper
1371 3922 1469 3982 amem·

321 4019 495 4078 vetustissimi
506 4018 621 4090 theologi
633 4016 762 4072 sententia
772 4015 834 4079 tuit,
852 4015 896 4085 qui
911 4031 1020 4085 passum
1030 4015 1113 4069 voluit
1124 4013 1254 4068 Christum
1271 4031 1340 4068 anno
1353 4031 1369 4068 ι.
1381 4012 1467 4082 olymp.

322 4123 399 4171 eoru,
412 4111 442 4160 ut
452 4105 531 4160 reiert
538 4104 674 4158 Eusebius.
693 4101 742 4156 Cui
753 4107 780 4156 et
790 4101 879 4155 Patres
891 4101 928 4154 illi
939 4099 1076 4170 suffragati
1088 4105 1161 4166 sunt,
1173 4101 1218 4170 qui
1229 4099 1403 4155 amra'liherii
1412 4109 1467 4150 anno

322 4193 465 4263 contigisse
476 4194 589 4245 narrant.
625 4189 693 4244 Nam
703 4187 800 4242 Tiberii
816 4203 898 4247 annos
914 4185 1018 4240 Iudaico
1029 4188 1072 4241 rel
1088 4186 1264 4240 eeclesiastico
1280 4202 1353 4238 more
1368 4185 1466 4238 abente

322 4277 430 4332 audente
440 4275 523 4330 Nisan
535 4281 680 4330 numerant
715 4273 793 4344 Atqui
809 4289 877 4326 anno
895 4272 993 4326 iuliano
1006 4289 1094 4326 taxer.
1109 4271 1242 4324 desinente
1258 4270 1357 4325 decimo
1373 4267 1465 4340 soptim

321 4363 418 4418 'liberii
431 4379 506 4418 xvrrr.
518 4361 584 4416 iniit.
612 4359 681 4442 quu
698 4361 777 4412 etiam
789 4358 947 4430 Apollinaris
958 4357 1119 4412 Laodicenus
1135 4355 1203 4426 apud
1214 4355 1398 4425 Hieronymum
1409 4365 1464 4405 eon·

321 4455 402 4506 ment.
416 4448 449 4501 ad
461 4463 517 4518 oap.
527 4465 564 4502 rx.
575 4446 642 4502 Dan.
656 4461 715 4500 oum
731 4451 791 4517 post
806 4461 905 4499 annum
921 4443 1050 4514 passionis
1066 4441 1211 4496 dominicae
1226 4458 1275 4496 sex
1290 4441 1384 4496 'liberii
1397 4449 1464 4492 annot

323 4539 470 4598 enumerat,
487 4533 592 4588 omnino
609 4547 716 4602 passum
728 4531 866 4584 arbitratur
877 4533 988 4584 exeunte
1001 4545 1063 4582 xrrr.
1086 4527 1219 4582 decedunt
1230 4533 1255 4581 at
1267 4533 1393 4581 certorum
1402 4525 1463 4578 inter·

322 4619 560 4690 vailatempornm,
573 4617 794 4688 qnaeapaesione
804 4621 993 4686 computantur.
1011 4612 1231 4669 Utrumlatobns
1239 4613 1461 4668 minormannut
