3252 5158
1183 411 1292 470 OGXIX

127 569 267 626 incruento
278 571 374 626 missae
385 569 512 626 modiolo
525 570 678 624 odebraade
690 570 888 641 praemittimus.
908 568 998 640 bisque
1007 575 1097 624 mu
1106 567 1217 633 ininior,
1228 568 1293 638 quin
1317 587 1339 630 n.
1347 576 1392 619 aso

128 655 346 726 arbemologceie
357 655 488 710 interdum
499 671 588 710 raram
598 661 626 710 et
642 656 798 710 sacrmenti
813 656 944 726 propriam
959 655 1076 725 adeoque
1090 654 1218 724 privatum
1233 669 1293 724 pae-

127 747 251 796 caeomm
268 741 458 813 expositionem
476 741 619 810 significet,
636 741 681 794 aed
700 747 774 796 caute
791 757 822 794 ec
838 741 979 811 prudenter
994 741 1022 794 in
1039 738 1115 794 buius
1126 741 1197 794 recia
1214 739 1292 793 inter·

126 827 275 898 pmtatiom
286 827 443 882 seeundum
455 833 508 892 eat,
520 832 550 880 ut
560 843 594 880 ex
604 827 664 898 ipae
675 827 831 880 narrationis
843 832 978 891 contextu,
995 841 1046 895 qne
1058 839 1136 878 aenan
1149 840 1165 879 a
1175 825 1293 895 patribus

126 919 257 982 usurpete
271 913 319 978 ait,
337 913 476 970 diiudicare
491 911 632 984 possimus.
667 910 751 976 Quam
763 911 796 964 ad
806 927 862 965 rem
874 912 995 982 egregins
1006 915 1047 964 eet
1056 911 1208 965 Tertulliani
1218 911 1292 966 locus

125 996 172 1062 lib.
182 997 215 1052 de
224 997 323 1055 Posuit.
334 1013 389 1070 cap
397 1015 433 1053 rx.
452 997 542 1062 Huius,
554 997 646 1068 inquit,
657 1001 738 1066 icitur
745 1001 916 1066 poenitentiae
926 998 1060 1066 madae,
1072 1005 1098 1048 et
1106 999 1188 1060 umes,
1200 1005 1292 1066 pente

126 1086 155 1140 ἐκ
166 1093 227 1137 crte
238 1087 363 1151 metire·
374 1093 422 1147 est,
440 1092 509 1138 tento
522 1087 652 1153 operosior
659 1084 780 1152 prodam
798 1091 845 1146 eet,
863 1091 891 1134 ut
906 1101 955 1136 nors
970 1083 1027 1136 eoin
1043 1085 1199 1134 conscientie
1211 1099 1292 1151 peuc-

119 1171 239 1236 scrater,
249 1170 296 1222 sed
306 1170 392 1238 ntique
404 1173 480 1224 cnon
492 1179 553 1221 actu
565 1170 762 1222 administretur.
781 1168 810 1220 Ie
822 1177 907 1232 ectus,
918 1171 962 1238 qui
969 1171 1052 1235 napis
1062 1168 1163 1220 Graece
1171 1167 1292 1222 escalon

126 1257 280 1324 uprieaitw
290 1263 316 1306 ct
322 1257 510 1324 frequentatur,
529 1253 722 1322 utondeqees's
733 1262 781 1318 eat,
797 1272 847 1322 qun
859 1254 977 1306 minen
990 1255 1087 1305 densim
1098 1261 1182 1305 noetm
1193 1255 1292 1322 confite·

124 1355 192 1402 ner,
208 1357 256 1400 nee
267 1341 365 1408 quiden
377 1349 404 1392 ut
414 1343 520 1408 ipnaro,
537 1341 583 1392 ced
599 1347 719 1408 protenus
735 1341 882 1407 sntiefnctio
898 1341 1052 1407 consessione
1067 1339 1216 1406 disponitur,
1234 1355 1293 1391 con·

119 1427 237 1492 surore
249 1428 408 1494 poenitentis
425 1428 549 1488 nacitur,
563 1427 723 1494 penitentie
740 1426 801 1476 dee
817 1426 958 1492 mitigetur.
992 1423 1083 1492 Itaque
1100 1423 1293 1491 ecbemelepesie

121 1512 306 1578 penmende'
317 1519 341 1564 ct
351 1509 538 1578 humilificandi
547 1509 656 1563 lomna
667 1511 808 1578 de'seiplinu
820 1517 866 1571 cat,
880 1513 1093 1562 censcrsutioneee
1103 1511 1236 1576 iniungens
1245 1512 1291 1560 eei·

123 1597 290 1656 ”ricerdise
305 1597 397 1648 s'liccee.
441 1593 494 1648 Sed
511 1595 542 1648 de
559 1591 760 1664 itopeiopdcnoc
777 1594 928 1648 notionibus
945 1594 1023 1647 variis
1039 1593 1193 1664 iampridem
1210 1594 1293 1648 multa

123 1685 191 1734 eunt
200 1695 218 1732 a
229 1680 291 1734 siria
308 1679 415 1734 eruditis
431 1681 575 1734 obseruata.
610 1679 663 1736 iles
675 1679 744 1750 apud
756 1679 916 1750 Oppriauum
927 1678 1157 1732 animadvertimus
1168 1676 1293 1733 exbomo·

124 1765 231 1834 lngesin
242 1781 289 1835 pro
301 1765 475 1836 poenitentiee
484 1765 602 1835 publicae
611 1769 683 1818 certa
693 1764 827 1819 iunctione
838 1766 919 1830 anmi,
930 1779 997 1834 qnae
1009 1765 1055 1816 nni
1066 1780 1100 1816 ex
1110 1772 1221 1834 quatuor
1231 1781 1291 1835 poe·

123 1849 267 1904 nitentium
279 1849 403 1919 gradibus
415 1851 554 1921 praecipue
570 1851 730 1904 eonsenimr
748 1851 871 1904 nimirum
889 1847 1040 1912 ὑποπτώσει,
1057 1864 1125 1918 qnae
1141 1850 1217 1904 tertie
1234 1850 1291 1904 loco

124 1940 287 1989 numeratur.
322 1933 389 1988 Nam
406 1936 451 2005 qui
468 1936 496 1998 in
513 1951 544 1990 eo
561 1936 644 2005 gradu
661 1936 823 2000 conabatur,
840 1933 907 1996 ἐντὸς
923 1937 965 2001 τῆς
981 1939 1025 1986 τοῦ
1040 1938 1100 1986 ναοῦ
1116 1933 1207 2002 πύλης,
1224 1935 1292 1988 intra

124 2019 217 2091 templi
228 2024 330 2090 portam
341 2019 483 2085 sdmieam
495 2037 555 2074 cnm
567 2019 757 2074 catechumenia
768 2020 898 2074 incessere
908 2019 1054 2084 iubebatur,
1070 2035 1101 2072 ao
1113 2020 1188 2074 certia
1199 2019 1291 2073 diebus

123 2119 216 2162 cereta
227 2105 349 2176 episcope
360 2106 496 2177 procidens
508 2107 674 2178 impositione
685 2123 811 2159 mannum
823 2122 854 2159 ec
865 2106 966 2160 solenni
980 2106 1129 2176 precatione
1143 2105 1290 2176 impertitus

124 2189 211 2246 dimisi
222 2191 330 2244 colebat.
354 2189 426 2244 Unde
438 2189 579 2252 dndnrmerc
592 2198 631 2245 est
642 2191 721 2256 diem,
734 2191 803 2261 quod
815 2190 953 2256 ὑπέπιπτεν,
965 2189 1014 2245 bec
1025 2197 1066 2244 est
1076 2207 1164 2252 eorem
1175 2192 1292 2246 antistite

123 2275 288 2346 procidebat,
301 2277 347 2346 qui
357 2291 418 2330 cum
429 2277 501 2330 omni
511 2278 607 2347 populo
618 2275 755 2347 procidens
767 2277 860 2347 etipse
870 2277 1065 2347 primumcum
1077 2291 1223 2346 exsurgens
1234 2291 1290 2330 ma·

123 2377 189 2425 uus,
200 2360 239 2414 nti
250 2359 318 2426 dixi,
328 2363 523 2431 poenitentibus
534 2362 694 2432 imponebat.
726 2361 801 2425 Quod
811 2361 944 2416 luculente
955 2363 1106 2432 cumprimis
1118 2361 1262 2416 declaratur
1274 2377 1290 2414 a

123 2445 271 2500 Socomeuo
287 2445 332 2499 lib.
342 2465 387 2501 err.
399 2462 455 2518 cap.
466 2465 527 2512 rvr,
545 2446 589 2500 ubi
604 2448 779 2518 poenitentiae
791 2447 931 2502 formulam
947 2448 1067 2517 exponit,
1082 2463 1150 2517 quae
1164 2447 1290 2502 &netu-

123 2531 236 2602 tinopeli
247 2532 374 2602 abrogata
385 2531 483 2586 Romae
494 2537 618 2603 perpetuo
630 2533 734 2586 mansit.
752 2531 809 2596 Qus
817 2534 845 2585 in
854 2533 991 2586 Soeomeni
1000 2532 1170 2604 descriptione
1178 2533 1291 2604 plurime

123 2621 187 2668 eunt
198 2631 265 2684 quse
277 2615 310 2670 ad
322 2633 412 2670 omnes
423 2619 597 2688 poenitentioe
611 2617 706 2688 gradus
720 2619 862 2688 pertinent,
879 2635 933 2671 non
948 2633 1033 2688 peuce
1048 2617 1080 2670 ad
1097 2617 1240 2670 intremere
1250 2635 1289 2672 re-

121 2699 249 2754 iernntur.
284 2701 335 2755 Gur
351 2708 438 2756 entem
451 2701 666 2773 exhomologesin
677 2702 737 2756 buic
749 2705 824 2757 tertio
836 2703 1009 2773 poenitentiae
1020 2704 1113 2772 gradm
1124 2704 1289 2774 potissimum

121 2786 270 2856 menen,
286 2785 409 2860 Cypriani
425 2789 550 2844 autoritas
566 2795 666 2854 moret,
683 2789 728 2858 qni
743 2796 803 2860 post
818 2789 882 2842 aliea
898 2789 1073 2860 poenitentiae
1084 2788 1231 2844 functiones
1243 2805 1288 2842 ex·

123 2869 307 2941 homologesin
320 2873 444 2936 collocare
456 2874 535 2938 solet,
551 2880 578 2926 et
594 2875 799 2932 meenciliatieui
814 2889 845 2928 se
857 2875 1034 2928 communioni
1045 2876 1190 2944 propiorem
1203 2881 1288 2930 oeten·

122 2955 189 3012 deae
230 2955 277 3021 Sic
293 2957 321 3014 iu
338 2957 453 3028 Epntels
464 2976 490 3013 ι.
509 2959 542 3014 ad
559 2958 676 3024 Glerum,
697 2959 767 3012 Nece
788 2977 844 3012 enee
861 2963 889 3012 in
905 2960 1043 3012 seinos-ibus
1050 2964 1178 3029 peccetis,
1196 2960 1288 3030 inquit,

122 3053 206 3110 west
212 3051 366 3112 peccateres
372 3048 554 3112 poenitentium
566 3049 632 3100 icete
644 3055 764 3114 tenpore,
783 3053 807 3096 ct
816 3047 950 3098 recondens
962 3046 1115 3114 disoe'ptinnc
1127 3047 1241 3100 ordinem
1252 3047 1290 3100 nd

121 3127 322 3196 atomoiugcee'e
338 3131 452 3194 rosioni,
468 3139 493 3184 ct
504 3147 555 3199 per
566 3147 654 3184 nenne
670 3133 850 3198 impetitionem
865 3134 979 3199 episcopi
993 3137 1018 3182 ct
1029 3131 1094 3182 cleri
1103 3135 1144 3184 ine
1155 3135 1288 3186 memini.

121 3216 234 3272 eets'ene'e
246 3217 390 3283 reopant,
407 3231 473 3269 nune
485 3217 564 3268 node
577 3223 685 3284 tenpore
693 3220 868 3284 persecutione
880 3214 964 3268 antec
974 3226 1165 3284 perseverante,
1182 3217 1289 3270 nondune

120 3303 240 3356 restitute
252 3300 376 3352 eccleciae
387 3302 544 3370 epriuepaee
555 3303 593 3354 ed
603 3304 849 3353 communicationem
861 3302 1035 3365 admittuntur,
1052 3312 1077 3354 ct
1086 3304 1191 3370 effertur
1203 3319 1288 3354 nonen

120 3401 219 3446 mes,
232 3392 257 3437 ct
267 3385 375 3440 nondun
382 3387 541 3454 pocees'tcntin
553 3395 627 3454 ecte,
639 3387 746 3440 nondun
758 3385 1033 3454 cetenetepesisocto,
1046 3389 1153 3440 medune
1164 3405 1241 3440 nonu
1252 3393 1289 3440 cie

120 3469 154 3520 nd
167 3472 286 3538 episcope
297 3480 322 3522 et
332 3471 400 3525 clere
411 3474 543 3539 inmoto,
559 3469 724 3526 eectarnnn
734 3471 788 3524 iltis
799 3473 884 3526 dntur.
919 3470 963 3526 flio
980 3471 1061 3540 Epist.
1074 3489 1110 3526 xr.
1128 3477 1187 3543 poet
1203 3479 1288 3530 actam

119 3553 310 3624 pomtnnean
321 3554 425 3612 subiicit
436 3553 659 3624 exhomologesin.
694 3555 726 3610 Et
740 3555 822 3626 Epist.
835 3573 881 3610 an.
911 3556 981 3610 ll'eee
993 3575 1048 3610 cene
1060 3561 1087 3609 in
1099 3559 1235 3612 missoribus
1246 3561 1288 3614 dc-

120 3641 202 3702 iiots'e,
215 3657 280 3708 qnae
291 3657 340 3694 non
349 3645 378 3692 in
387 3641 513 3694 dominnm
525 3645 717 3705 committuntur,
725 3645 883 3710 poenitentia
895 3651 991 3710 epotus
1001 3647 1066 3696 iuste
1079 3652 1199 3712 tenpore,
1212 3655 1236 3696 et
1246 3661 1287 3698 ec·

119 3723 343 3793 toeneiopcaicfint
353 3729 469 3796 inspecte
479 3729 533 3778 cito
545 3731 599 3780 eires
610 3729 654 3794 qui
665 3729 721 3794 epit
728 3730 922 3796 poenitentiam,
935 3745 979 3780 nce
992 3730 1029 3782 eci
1040 3732 1288 3783 communicationem

120 3813 208 3865 vesica
220 3813 276 3877 quis
282 3815 377 3878 pessit,
390 3814 524 3880 eieipre'us
535 3811 577 3867 ilia·
587 3811 620 3864 nb
633 3814 750 3881 episcope
763 3821 787 3864 et
798 3813 865 3865 ciero
877 3817 1055 3880 nenaesleerit
1065 3817 1192 3882 imperito.
1214 3813 1287 3870 Idem

120 3897 147 3954 in
161 3893 233 3954 Oret.
246 3894 277 3950 de
288 3893 395 3964 Lapaie.
407 3899 434 3950 et
446 3896 508 3952 alibi
520 3896 623 3966 ascpiee
636 3895 729 3954 eodem
740 3897 828 3953 ordine
841 3903 1034 3954 commemorat.
1068 3897 1215 3961 Quinetiam
1226 3897 1287 3952 Ter·

121 3979 248 4042 tullianus
259 3980 304 4037 lib.
317 3980 348 4034 de
359 3979 459 4038 Posuit.
472 3981 629 4036 enumeratis
648 3981 769 4038 omnibus
784 3982 973 4051 poenitentium
983 3983 1154 4038 incommodis
1166 4000 1197 4037 ac
1209 3999 1287 4037 sexa·

120 4065 251 4129 noctise.
263 4063 326 4122 hece
338 4065 427 4120 inieris
440 4065 561 4120 Menum
574 4076 612 4120 eat
621 4070 659 4122 cio
672 4069 710 4124 nel
720 4066 916 4135 ecbomolopeein
925 4072 1067 4138 pervenire.
1090 4067 1163 4120 Melo
1175 4074 1239 4120 enin
1252 4072 1289 4122 ed

120 4154 251 4210 ubedam
259 4155 416 4220 perennius.
449 4151 503 4204 »Scri
515 4151 558 4204 ubi
566 4153 744 4220 poenitendum
760 4163 807 4216 cet,
825 4153 918 4205 decinit
928 4157 1055 4216 enisernen,
1072 4156 1239 4222 putrefactum
1251 4163 1288 4208 cet

120 4237 246 4294 sebum.
273 4234 314 4292 lix
327 4237 421 4305 quibua
432 4237 597 4306 perspicuum
609 4236 730 4302 redditur,
748 4243 807 4290 ante
820 4236 1034 4307 exhomologeeiu
1046 4238 1142 4294 multae
1153 4240 1286 4308 poeniten·

120 4321 188 4377 tium
199 4319 316 4382 ”bonos
329 4321 393 4379 eliae
405 4322 589 4388 antecessione,
605 4321 677 4376 illem
689 4329 777 4380 eumne
794 4320 960 4382 ὑποπτώοεως
971 4322 1127 4393 monimum
1138 4339 1207 4388 ecee,
1225 4325 1287 4394 quia

121 4406 237 4466 cincre
249 4423 302 4466 uon
314 4405 367 4466 iem
376 4411 481 4463 oneris
490 4407 541 4463 dici
550 4413 648 4478 potest,
661 4423 721 4460 cnm
732 4413 816 4466 stetui
824 4406 866 4465 bic
874 4408 1048 4477 poenitentiae
1059 4409 1286 4464 commodissimus
1312 4435 1332 4475 μ
1341 4423 1385 4467 aon.

121 4491 241 4552 emnium
259 4491 382 4552 astiterit.
426 4493 460 4546 et
478 4491 620 4553 induruere
635 4492 731 4550 melles
749 4492 981 4562 ecmbianmesque
997 4493 1131 4550 molestiae
1147 4493 1239 4548 hebuit
1261 4501 1287 4548 et

120 4577 220 4632 maiore
238 4593 298 4630 cum
313 4576 469 4630 verecundie
485 4578 624 4638 coniuncta
639 4578 702 4642 fnit,
719 4593 779 4632 eum
798 4578 824 4630 in
842 4577 927 4632 medis
943 4577 1033 4646 popuii
1049 4580 1173 4632 cendone
1190 4581 1285 4634 cirtem

120 4677 179 4726 enee
190 4667 356 4732 peccantem
366 4660 537 4732 profiteretur,
554 4678 584 4718 ac
600 4663 748 4733 generalem
765 4661 983 4733 exhomologesin
999 4663 1147 4734 concipiens
1163 4665 1284 4734 intrate
