3200 5158
1201 359 1283 418 calx

120 531 204 572 caena
215 535 277 583 xm,
292 514 342 572 boo
360 523 401 572 eet
414 535 469 573 ιιι.
481 515 538 574 xa
549 518 612 588 dpr.
627 517 710 589 pridie
721 517 778 572 eina
790 515 855 584 diei,
872 533 924 588 que
939 532 1032 588 pomae
1044 521 1096 582 eet,
1113 517 1193 572 biduo
1204 517 1285 588 igitur

118 603 263 658 Nicaenam
274 604 365 658 lunam
376 603 535 675 anticipavit
551 603 648 658 Iceirco
660 601 808 674 προέλαβον,
820 603 905 674 iuquit
915 601 1088 674 Epiphaniae,
1100 601 1140 654 aul
1152 599 1243 673 ἔφαγον
1255 601 1284 654 e'o

119 686 214 760 ΙΙᾶοχι
226 689 305 742 biduo
317 694 378 742 ante
388 687 535 760 legitimum
547 694 662 760 tempna,
679 687 748 759 quod
764 695 820 742 eret
829 707 883 743 xrv.
896 687 1010 742 Nicaeae
1020 687 1115 741 cadens
1127 687 1154 742 in
1166 706 1213 742 ιιι.
1225 686 1283 742 Kal.

120 773 203 838 Quasi
214 772 278 828 haec
291 775 382 839 rerba,
395 771 534 845 προέλαβον
543 779 607 840 eto,
617 791 670 828 non
682 773 714 828 de
722 773 824 828 Iudaeie
833 773 954 828 omnibus
963 773 1186 844 accipiendaeiut,
1198 771 1244 826 eed
1252 773 1285 826 de

119 857 225 913 Christo
238 865 264 914 et
275 859 412 930 apaetelie,
430 875 460 914 ae
475 859 499 914 ei
510 860 555 930 qui
566 865 628 914 aaut
638 859 694 924 alii,
710 859 757 930 qui
766 859 894 914 maiorum
906 859 971 912 ritae
983 858 1184 912 obeerveverint.
1217 857 1285 912 Nara

119 943 190 1014 qaod
204 944 238 998 ad
248 944 358 1000 Iaclaeoe
369 945 483 1016 reliquae
494 945 600 1011 attinet,
616 943 715 1016 puecha
729 961 806 998 enum
821 945 849 998 in
859 948 993 1016 poetarum
1004 943 1086 1010 diem,
1103 942 1152 998 heo
1169 949 1209 998 eet
1225 961 1284 1000 ιιιι.

118 1029 230 1086 Kalend.
244 1047 295 1103 quo
306 1045 402 1100 paeeue
414 1035 454 1084 eet
465 1028 596 1096 Christus,
609 1027 664 1082 καθ’
676 1027 806 1100 ὑπέρβασιν
817 1030 981 1084 traiecmnt
1005 1027 1078 1083 Uada
1089 1046 1142 1084 non
1153 1029 1244 1096 biduo,
1257 1033 1287 1082 nt

119 1115 179 1180 alii,
197 1114 244 1170 aad
258 1132 310 1170 uno
321 1121 425 1170 tantum
437 1115 477 1170 die
488 1113 630 1170 Nicaenarn
642 1133 695 1170 xrv.
707 1116 925 1186 anticipaverunt,
941 1115 1003 1186 quia
1014 1114 1118 1170 loduica
1127 1115 1221 1170 vitioea
1231 1133 1285 1180 xv,

118 1199 238 1256 Nicaeae
247 1219 306 1257 ιιιι.
319 1201 490 1256 celebrarunt
522 1200 606 1265 Quare
618 1200 721 1272 acripeit
731 1199 905 1272 Epiphanius,
923 1199 1122 1270 ὑπερβεβηκότων
1134 1200 1215 1254 αὐτῶν
1227 1199 1285 1272 plue

118 1283 229 1357 ἡμέροις
244 1286 316 1357 quod
333 1291 361 1340 et
375 1287 469 1358 repetit
485 1302 557 1340 num.
569 1303 650 1342 xavrr.
685 1287 781 1340 Verum
798 1285 868 1356 quod
884 1286 1009 1356 requitur,
1024 1285 1090 1340 ieria
1101 1287 1178 1340 tertia
1188 1285 1286 1357 puecha

119 1369 280 1438 conadaco,
293 1372 362 1442 quod
373 1371 439 1426 ieria
450 1391 474 1426 v.
485 1371 583 1426 metam
596 1371 723 1443 oportuit,
738 1371 766 1426 in
778 1387 857 1442 qaam
869 1389 922 1428 xrv.
933 1372 996 1426 luna
1007 1371 1131 1441 (iudaice,
1143 1377 1169 1426 et
1180 1371 1285 1441 vitioaal

120 1463 293 1522 convenerat,
304 1473 398 1528 parum
409 1457 460 1510 eibi
468 1462 587 1510 conatare
596 1464 683 1510 censet
691 1454 877 1528 Epiphaniam,
889 1457 935 1527 qui
943 1456 1047 1526 quidem
1055 1456 1121 1510 ien'a
1129 1457 1206 1510 tertia
1214 1455 1285 1512 chri-

119 1547 192 1596 etum
201 1540 301 1613 pacche
308 1542 441 1614 peregiaee
451 1543 526 1608 velit,
538 1558 599 1598 curu
610 1543 673 1596 luna
684 1542 710 1597 iu
723 1559 776 1596 xrv.
787 1543 952 1612 praestiterit.
969 1542 1017 1597 Eat
1027 1543 1097 1596 enim
1108 1549 1198 1596 contra
1209 1559 1285 1596 evan·

119 1628 185 1698 getii
195 1625 288 1694 iidem,
300 1625 506 1710 Chriatnmjeria
516 1645 557 1682 ιιι.
567 1625 666 1698 puecha
677 1627 830 1682 celebraeee.
851 1627 989 1698 Propterea
998 1628 1036 1682 ita
1047 1627 1228 1698 corrigendum
1240 1645 1286 1684 ex·

120 1711 236 1778 intimat,
249 1711 380 1766 ceraton
391 1712 418 1767 id
429 1713 516 1784 egicae
526 1712 592 1766 feria
604 1731 641 1778 v.,
654 1711 723 1783 qaod
735 1713 878 1782 oportuerit
888 1731 933 1768 νιι.
958 1712 1015 1783 Ego
1027 1729 1088 1768 vero
1100 1729 1159 1768 cum
1169 1713 1286 1768 nondam

120 1798 269 1868 ampioarer
277 1796 452 1870 lipiphanlum
460 1797 511 1852 alio
521 1797 562 1852 die
572 1795 702 1852 Obriatann
711 1798 777 1852 velle
789 1814 868 1869 qnam
878 1798 944 1852 ieria
952 1818 977 1852 v.
987 1797 1085 1869 puecha
1095 1815 1173 1852 eoum
1182 1799 1286 1865 obiieee,

120 1879 186 1936 haec
198 1899 268 1954 quae
279 1883 311 1938 de
323 1901 376 1949 nn,
392 1903 429 1940 ιν.
441 1884 600 1954 οιοιιιίιοοι
611 1883 682 1938 ieriie
693 1883 788 1948 inlicit,
805 1883 982 1938 similitudinis
994 1899 1086 1938 cauam
1097 1890 1221 1956 neurpata
1232 1901 1286 1940 cre·

122 1965 247 2024 dideram.
283 1968 350 2022 Nam
368 1969 430 2038 qnia
445 1969 508 2022 luna
521 1969 626 2024 Iudaica
637 1987 704 2034 xrv.,
722 1967 835 2022 Nicaeae
846 1985 906 2022 vero
919 1987 965 2024 ιιι.
979 1969 1164 2036 celebraverat,
1182 1975 1211 2023 ut
1226 1987 1286 2025 eam

121 2055 188 2123 cycli
203 2053 358 2126 pravitatem
375 2054 456 2108 aculis
471 2055 622 2120 cubitaret,
638 2053 707 2108 hunc
724 2054 752 2108 in
768 2053 875 2111 modurn
893 2054 1023 2108 declarare
1034 2055 1161 2122 roluieee,
1178 2055 1285 2126 perinde

121 2138 192 2194 iatnd
203 2156 262 2194 aeae
273 2155 305 2194 ac
316 2139 338 2192 ai
349 2138 481 2210 tingamus
492 2138 627 2194 iudaicam
639 2139 740 2209 cyclum
751 2139 808 2193 vitii
819 2137 883 2192 nihil
894 2137 1030 2206 bebuieae,
1044 2155 1185 2211 revereqae
1195 2141 1286 2196 lunam

121 2243 176 2280 ιιι.
187 2224 331 2280 Nioaeaana
342 2225 370 2278 in
380 2225 470 2278 Martii
480 2242 535 2278 ιιι.
546 2224 681 2291 incidere,
697 2241 735 2285 ac,
742 2229 798 2278 toan
815 2224 960 2294 cogitemus
973 2224 1104 2280 cimam
1120 2226 1198 2282 biduo
1213 2227 1285 2282 illam

122 2316 327 2364 antevertentem
339 2327 392 2365 xvr.
403 2309 525 2377 Kalend,
540 2311 595 2364 eive
609 2309 698 2366 ldarh'i
709 2327 787 2380 xvia,
802 2307 900 2380 paacha
916 2311 1073 2376 comediaee,
1087 2310 1153 2366 ieria
1162 2311 1200 2378 3.,
1216 2311 1286 2382 quad

122 2395 188 2450 deria
198 2395 240 2462 5.,
255 2394 304 2450 hoc
316 2404 357 2450 eet
367 2396 454 2450 Martii
466 2413 535 2461 ιιι,
551 2395 609 2450 fieri
619 2393 735 2452 decebat.
758 2395 824 2450 Tam
836 2411 897 2466 erge
909 2396 1001 2450 vitioee
1013 2397 1100 2467 cyclua
1111 2397 1155 2451 ille
1166 2396 1285 2452 Iudaicae

123 2480 296 2536 decimonono
307 2482 395 2536 Martii
408 2482 498 2536 lunam
510 2499 564 2538 xrv.
581 2481 712 2546 exhibuit,
729 2486 835 2550 tamque
853 2481 985 2536 abnormia
1002 2497 1020 2535 ι
1036 2498 1096 2536 vero
1113 2483 1191 2538 lunae
1207 2484 1286 2540 ratio·

123 2567 191 2622 cinic
203 2566 254 2620 init
268 2567 314 2622 illa
329 2585 355 2622 v.
366 2566 431 2622 ieria
445 2567 534 2620 Martii
545 2583 614 2631 ιιι,
631 2582 709 2636 quam
726 2566 802 2620 tertia
818 2583 878 2622 cum
895 2567 987 2637 quinta
1002 2574 1164 2640 comparata,
1182 2569 1206 2623 ei
1221 2567 1286 2626 haec

123 2651 180 2724 ipae
191 2651 308 2707 Nicaeae
318 2652 418 2706 inieeet.
449 2652 567 2722 Denique
584 2657 640 2706 teta
654 2649 718 2705 haec
730 2650 868 2722 Epiphanii
879 2651 1018 2724 dieputatio
1030 2651 1158 2721 ὑιοθντιιὴ
1169 2660 1196 2710 et
1206 2653 1285 2726 λόγον

124 2735 195 2808 χάριν
207 2745 344 2809 aeeumpta
354 2737 418 2792 mihi
428 2737 572 2792 videbatur.
606 2737 676 2791 Sane
692 2738 784 2808 negari
796 2754 850 2791 non
861 2743 960 2808 pateat,
976 2754 1054 2808 quaro
1071 2739 1093 2793 ai
1108 2739 1173 2794 ieria
1184 2759 1208 2794 v.
1220 2742 1286 2795 cele·

124 2822 215 2877 bracae
228 2821 360 2878 Christum
371 2823 571 2888 existimaverit,
582 2823 749 2894 probabiliter
759 2823 811 2876 ieta
823 2822 949 2878 dicantur.

190 2907 289 2962 Veram
301 2907 363 2962 dum
374 2905 438 2962 haec
450 2908 574 2962 attentius
585 2914 739 2978 perscrutor,
750 2908 866 2979 comperi
877 2907 955 2961 eliam
967 2909 1124 2962 eenctieeimi
1135 2910 1216 2980 patrie
1231 2911 1286 2982 opi·

122 2993 231 3048 monera
241 2994 336 3060 briaae,
354 2999 381 3047 et
390 2993 484 3047 iuleam
496 2993 568 3046 illam
579 2993 695 3064 quidem,
712 2991 757 3046 ead
774 2993 806 3047 ab
824 3008 855 3046 eo
872 2999 960 3046 tannen
971 2994 1110 3064 aliquoties
1121 2995 1285 3062 inculcatam,

125 3079 249 3133 nimirum
260 3077 368 3132 iudaeae
379 3079 517 3149 pleraeque
529 3093 588 3132 cam
600 3076 702 3132 Ohrieto
716 3076 814 3148 puecha
828 3093 906 3132 auum
922 3079 1018 3132 obiieee
1030 3095 1086 3133 non
1102 3079 1166 3133 laria
1176 3099 1214 3146 v.,
1230 3081 1286 3136 eive

123 3165 206 3234 pridie
218 3165 274 3218 eina
285 3163 348 3230 diei,
361 3181 411 3234 quo
423 3179 516 3235 pasena
527 3169 578 3228 eet,
591 3163 637 3216 eod
646 3163 713 3218 ierie
723 3164 807 3218 tertia.
830 3162 904 3227 Quod
916 3163 1002 3234 iprum
1013 3163 1188 3218 discriminis
1199 3165 1286 3220 verbie
1310 3193 1332 3234 p„
1342 3182 1387 3226 m,

125 3248 200 3304 docet
211 3251 238 3304 ia
250 3251 321 3304 calce
332 3250 434 3303 Panarii
450 3248 540 3316 haiae,
556 3249 585 3302 in
595 3247 765 3320 ilxpoeitione
775 3247 849 3302 Fidei
864 3265 936 3303 uuae.
949 3265 1013 3306 ιιιι.
1047 3248 1097 3304 Ubl
1113 3249 1145 3304 de
1161 3251 1286 3305 eccleciae

125 3335 218 3390 ritibue
234 3351 316 3406 agene
328 3335 447 3390 meminit
457 3335 524 3389 inter
535 3340 636 3388 caetera
645 3334 736 3388 ieiunii
747 3340 855 3405 quartae
871 3349 902 3388 ac
913 3341 1003 3388 eexceo
1013 3335 1106 3403 feriae,
1123 3336 1196 3390 onina
1213 3336 1286 3390 inetl·

124 3421 174 3475 tuli
190 3437 311 3475 maenam
327 3420 421 3491 aperit:
445 3418 526 3486 letardi
543 3437 587 3491 περ
604 3417 776 3490 irrrpeecacicp
793 3417 889 3491 τετράδι
906 3419 1043 3491 συνελήφθη
1056 3419 1069 3473 d
1082 3421 1175 3492 κύριος,
1193 3421 1233 3474 aul
1248 3425 1286 3493 τῷ

125 3503 294 3577 κροοαββᾶτῳ
306 3503 460 3577 ὶστιορώθηι
487 3505 612 3570 Quoniam
627 3509 727 3558 incante
739 3510 914 3576 quartoscrio
926 3505 1116 3578 comprehensae
1127 3516 1164 3560 eet
1174 3510 1287 3562 domim

127 3595 230 3662 etse-ia
242 3609 266 3646 v.
278 3595 422 3662 οννοβῑην.
455 3591 514 3656 Quo
530 3591 616 3662 poeito
632 3607 794 3662 coneeqneoa
810 3599 852 3644 eet
866 3589 998 3645 Chrietum
1015 3607 1047 3645 ea
1061 3597 1150 3659 nocte,
1165 3607 1232 3663 quae
1248 3592 1286 3647 ie·

127 3676 191 3731 riam
203 3677 228 3730 3.
241 3678 365 3748 requitur,
383 3683 410 3731 et
420 3676 523 3731 Iudaica
533 3678 614 3731 ieriae
626 3677 650 3730 4.
661 3677 792 3743 tribuitur,
809 3681 915 3748 captam
927 3693 997 3742 eece,
1008 3694 1069 3731 cnm
1079 3678 1158 3750 paulo
1170 3685 1230 3732 ante
1240 3695 1286 3749 pe·

126 3761 189 3816 eche
202 3763 364 3817 celebraeeet
385 3763 509 3816 Audierat
518 3763 608 3832 itaque
620 3768 645 3816 et
656 3778 672 3816 e
683 3762 825 3816 maioribus
837 3767 971 3833 acceperat
980 3761 1140 3834 Epiphaniae
1152 3763 1217 3817 dnae
1228 3765 1286 3817 illu
1383 3749 1387 3758 ’

126 3847 205 3902 leriae
222 3847 366 3903 dominloae
382 3847 500 3919 peeaionl
515 3847 665 3901 recolendae
677 3847 845 3919 praeetitntae
860 3847 942 3902 iaieee
958 3865 988 3902 ae
1003 3849 1100 3902 ieiunio
1112 3855 1286 3906 coneecratae.

127 3931 193 3988 Gurn
205 3941 292 3988 autern
305 3937 375 3987 certo
386 3937 516 3988 consuat
526 3931 591 3986 feria
602 3951 638 3986 vr.
649 3933 676 3986 in
688 3949 764 3988 cruce
775 3933 902 3986 enffixarn
914 3950 983 3999 eeee,
998 3935 1072 3988 nulla
1085 3935 1215 4004 paeeionia
1231 3936 1286 3989 eine

129 4026 224 4073 reetare
233 4019 292 4073 riae
303 4023 343 4072 eat
354 4019 405 4072 alia
416 4033 477 4090 pare
489 4033 567 4088 quam
579 4016 775 4088 comprehensio
786 4023 813 4072 et
829 4019 955 4089 alligatio.
987 4017 1097 4072 Proinde
1112 4020 1178 4073 laria
1189 4037 1223 4076 ιν.
1241 4037 1287 4092 ep·

129 4110 230 4174 petente
241 4111 348 4176 captum
359 4111 438 4176 etque
449 4105 564 4157 vinetum
575 4119 633 4156 eaee
644 4101 778 4158 dominura
789 4103 904 4158 credidit
925 4103 1015 4174 Neque
1026 4120 1087 4158 vera
1105 4105 1155 4159 alio
1170 4111 1287 4176 tempore

128 4205 206 4259 qaam
218 4206 270 4260 quo
281 4188 371 4244 ludaei
380 4190 497 4260 plerique
507 4189 638 4242 celebrare
647 4189 738 4244 voluit.
772 4188 857 4260 Igitur
872 4189 952 4242 etiarn
966 4189 1055 4244 ludaei
1067 4189 1133 4244 ieria
1142 4191 1220 4244 tertia
1230 4207 1287 4262 per-

130 4283 245 4346 egerunt.
268 4275 381 4341 Vitiare,
392 4276 451 4346 quie
462 4279 560 4346 negati
588 4273 640 4328 Sed
651 4273 721 4345 qaod
732 4275 919 4345 maximapare
931 4291 962 4328 eo
975 4275 1015 4328 die
1025 4274 1124 4346 puecha
1134 4282 1287 4344 comederet,

130 4359 206 4414 hiduo
218 4373 280 4416 cana
290 4361 342 4414 illie
353 4362 511 4433 anfioipavit.
533 4359 789 4416 carentonam.
805 4359 892 4413 Martii
903 4377 958 4414 ιιι.
970 4361 1164 4426 celebrandum,
1181 4377 1242 4416 cum
1258 4363 1287 4418 ia

131 4441 196 4502 huuc
208 4446 277 4502 diem
288 4465 342 4502 xrv.
354 4447 458 4502 Iudaica
468 4447 564 4502 ritioea
575 4451 745 4500 concurreret.
780 4444 833 4499 Gur
843 4449 932 4499 autem
943 4445 1008 4498 adeo
1018 4461 1188 4518 praepropere
1198 4447 1288 4504 Iudaei

131 4529 174 4586 lati
184 4531 281 4604 pucha
291 4531 468 4598 comederent,
479 4549 600 4588 canaam
611 4531 699 4586 attolit
709 4529 815 4586 unllam
836 4530 888 4586 Sed
899 4529 1048 4587 hcctannen
1058 4532 1207 4604 aigniioare
1217 4531 1287 4588 vide·

133 4621 179 4684 tur,
190 4618 299 4674 iudaeae
308 4619 459 4685 nonnullae,
471 4617 748 4674 videlicatPharieeeoe
757 4632 787 4670 ao
796 4615 912 4684 Scribae,
924 4615 1165 4674 communemhunc
1174 4635 1286 4676 errorem
