3210 5154
331 357 372 420 72
660 363 843 418 smom
859 365 895 418 nt
913 365 1066 418 El’ll’lth.
1083 367 1158 419 Pau.

330 493 461 542 ΠΜ.
477 485 606 556 rolliger.
625 505 649 554 p
661 490 719 536 708.
737 485 841 536 aolorse
859 486 979 538 orationis
996 486 1110 556 exempla
1127 486 1253 538 dederunt
1270 487 1377 540 locro.
1394 485 1443 538 lo.
1460 497 1486 539 st

331 576 403 626 Leet.
422 574 544 624 Aristaeo.
563 591 588 642 p.
599 577 657 624 800.
692 575 792 624 heim
810 572 987 624 adunetur.
1004 571 1044 625 ed.
1064 571 1174 624 lrruisch.
1191 575 1225 625 Τ.
1236 575 1268 624 11.
1286 590 1310 640 ρ.
1320 575 1379 624 881.
1408 573 1486 626 wits-

331 663 394 726 μία
412 659 473 710 Sile.
497 659 557 709 Crit.
584 661 626 709 lv.
646 661 704 709 180.
729 677 753 724 p.
769 661 825 708 107.
840 675 878 726 eq.
920 661 1009 710 luaohs.
1034 658 1066 709 ad
1093 657 1187 710 helian.
1211 658 1276 710 llist.
1302 659 1384 712 huin.
1409 677 1433 727 ρ.
1449 663 1487 710 to.

331 747 444 798 Mu&
463 745 566 804 Quam.
584 743 687 797 Locian.
705 762 730 811 p.
743 747 800 794 158.
818 761 856 812 sq.

400 830 428 880 Ρ.
446 832 496 879 588
515 831 602 897 (788).
636 825 903 895 οννισκεοᾶοἳη
981 827 1039 882 καί
1064 827 1212 896 ἐξειιίθη]
1237 829 1278 880 Ne
1295 829 1350 899 quis
1367 829 1489 883 hocloco

332 914 451 981 ἐξιόσᾶη
470 931 518 982 pro
535 911 635 980 ἐξεῶᾶνγ
653 925 680 964 et
697 915 722 964 io
739 931 808 982 seqq.
827 912 922 976 ἐξῶσαι
940 931 986 982 pro
1004 911 1113 977 ἐξεοῖσαι
1133 913 1267 984 legendum
1286 915 1419 978 aoniicist,
1442 913 1489 966 vid.

332 1011 420 1052 annot.
437 999 464 1050 iu
482 1001 514 1052 T.
527 1001 557 1049 ll.
575 1019 600 1067 p.
612 1003 661 1050 557
680 1001 766 1068 (508).

402 1087 428 1138 l’.
445 1089 495 1136 588
509 1085 595 1151 (788).
619 1087 895 1151 τοίςκληριοιοῖς
911 1090 987 1146 τοῖς
1003 1081 1066 1140 hrt
1083 1079 1297 1141 Ὴανασίου
1317 1075 1410 1156 otios]
1425 1086 1490 1138 Scri-

333 1171 458 1224 bendoru:
485 1166 535 1224 ἐπὸ
551 1164 710 1224 Ἀθανᾶσιον.
748 1169 842 1220 Confer
859 1169 935 1220 modo
952 1187 976 1237 ρ,
994 1173 1044 1220 588
1063 1171 1139 1238 (787)
1163 1169 1299 1239 ἐκκλησίαι
1317 1167 1366 1226 lul
1387 1169 1430 1225 tva
1446 1167 1491 1238 ἀρ-

275 1279 280 1288 ·
334 1257 495 1329 χιεπίσιωπσν
513 1245 596 1310 οὖσαι.
632 1255 742 1323 Longius
767 1254 853 1306 dissita
878 1265 950 1315 sont,
978 1266 1088 1306 attamen
1106 1273 1136 1306 ex
1155 1256 1242 1307 anderu
1260 1257 1285 1306 vi
1302 1256 1491 1324 praepositionis

334 1341 384 1397 ael
401 1343 465 1393 haec
481 1342 606 1393 fluxerunt
622 1343 652 1392 Τ.
670 1343 713 1391 111.
730 1359 755 1408 p.
771 1345 822 1391 778
841 1341 935 1407 (1078)
959 1334 1089 1408 ἀνετράφη
1107 1379 1133 1392 ..
1153 1338 1202 1395 orl
1227 1338 1269 1396 τόν
1288 1336 1403 1410 Ἰωσήφ.
1437 1341 1491 1394 Vid.

337 1431 424 1480 1777177.
442 1429 552 1478 Graium.
572 1425 659 1478 ldiou.
678 1427 710 1476 Ν.
720 1428 751 1478 Τ.
770 1444 795 1494 p.
807 1431 866 1476 877.

403 1514 431 1564 P.
446 1517 496 1564 588
514 1513 600 1580 (787).
634 1511 693 1565 καί
718 1506 884 1579 α’μφὸδοιν
909 1505 987 1577 ἤτοι
1013 1511 1156 1580 λαυροῑν]
1182 1513 1276 1582 Λαβῶν
1301 1511 1325 1562 io
1353 1513 1394 1564 ed.
1413 1515 1492 1566 Peter.

335 1615 432 1649 merom
446 1609 486 1649 est
503 1598 591 1650 vitium
608 1615 701 1666 operae
725 1595 917 1665 typographici;
945 1613 1002 1646 uam
1018 1597 1043 1646 io
1063 1595 1232 1648 holmetiam.
1252 1617 1277 1666 p.
1294 1601 1353 1648 888.
1372 1599 1493 1668 volgatum

336 1685 437 1752 λαβριῗιν
454 1693 544 1735 exstat.
579 1683 687 1750 Δαυροῖν
704 1693 787 1732 autem
803 1681 878 1733 scribi
888 1685 1001 1735 Paluoius
1018 1691 1087 1733 recte
1102 1681 1173 1732 iussit
1190 1693 1244 1733 turn
1261 1682 1287 1733 iu
1305 1683 1419 1752 margine
1434 1703 1491 1736 cou-

335 1779 437 1835 Μίαν,
463 1779 516 1820 tum
535 1769 706 1820 Animadvers.
725 1767 742 1818 l.
762 1786 782 1818 r.
810 1769 847 1816 lla
866 1778 1003 1836 perpetua,
1022 1783 1095 1835 qoam
1111 1766 1180 1818 idam
1197 1767 1223 1818 io
1243 1767 1415 1820 animadvers.
1435 1772 1491 1822 utti-

336 1871 383 1939 git‚
402 1871 549 1922 confusione
565 1871 692 1922 literarum
701 1873 726 1938 β
743 1879 769 1920 et
784 1855 804 1922 ἶ
817 1869 868 1922 vid.
885 1880 972 1920 aouot.
990 1869 1015 1920 io
1033 1873 1111 1920 Elium
1131 1873 1191 1921 Grel.
1208 1869 1257 1922 col.
1276 1875 1323 1922 778
1344 1873 1397 1941 (8).
1426 1875 1493 1942 Apud

337 1958 502 2021 Epiphaniam
518 1959 549 2008 T.
568 1958 610 2006 lll.
629 1975 653 2023 p.
664 1959 713 2006 788
733 1957 796 2018 (107
814 1958 827 2022 )
845 1949 927 2026 ἅβρας
944 1955 1064 2008 mendose
1080 1955 1155 2006 scribi
1172 1955 1270 2007 solebat
1287 1968 1349 2008 aute
1368 1961 1493 2024 0711177577,

337 2042 380 2112 qui
397 2035 479 2108 αὔρας
496 2045 589 2094 Patauii
606 2059 679 2091 suasu
696 2040 816 2108 reposuit.

405 2129 433 2178 P.
449 2131 498 2179 587
518 2128 604 2193 (781).
639 2119 705 2180 οὔτ’
725 2125 884 2194 ἐπινοίᾳ,
909 2119 976 2178 οὔτ’
994 2121 1115 2194 ἀτόμῳ
1132 2125 1199 2179 τινί
1217 2122 1367 2194 προάγει
1387 2124 1402 2182 ὅ
1420 2127 1494 2190 θεὸς

337 2213 396 2266 τοῦ
413 2213 502 2278 ulai]
521 2211 562 2262 Ne
579 2211 633 2279 quis
652 2212 761 2261 fortusse
779 2209 812 2260 de
829 2210 930 2280 προέχει
948 2211 1093 2278 reponendo
1112 2213 1221 2279 cogitet:
1239 2209 1361 2282 προάγειν
1378 2213 1493 2266 hocloco

339 2303 495 2362 eetlrmpore
510 2299 656 2360 mandere.
692 2295 733 2344 Cl.
752 2299 834 2362 poso
854 2293 1165 2366 (781)πρού“πο’ργει
1187 2293 1201 2352 ὁ
1227 2295 1288 2358 θεᾶς
1304 2299 1351 2352 τοῦ
1371 2299 1433 2353 υἱοῦ.
1469 2301 1493 2352 ld

339 2381 408 2451 qood
433 2392 471 2432 est
495 2383 576 2432 ordios
600 2396 629 2432 σο
646 2383 760 2445 ιίίροίίαίι
774 2383 913 2444 moretum
936 2378 1054 2454 προάγειν
1078 2381 1144 2433 valet
1167 2384 1198 2434 Τ.
1216 2385 1258 2436 111.
1284 2402 1308 2451 p
1326 2387 1378 2433 778
1398 2385 1493 2452 (7075).

340 2467 436 2520 lisdem
454 2467 491 2516 vis
509 2465 578 2517 verbi
596 2463 729 2533 ὑπεράγειν
747 2469 779 2517 Τ.
791 2467 834 2516 111.
852 2482 875 2533 ρ.
890 2471 940 2516 818
959 2468 1044 2534 (888).

409 2553 495 2603 8588
515 2553 601 2618 (787).
634 2549 692 2605 τόν
715 2549 787 2604 ulls
813 2548 987 2620 λεγόντων
1012 2549 1284 2620 οίμίνίρογήν,
1311 2553 1494 2622 οίδέπρο·

342 2635 444 2708 βολήν
469 2631 668 2705 ἀγέννητον]
698 2637 767 2686 llaec
784 2640 835 2688 Arii
861 2637 935 2688 verbo
958 2653 989 2686 ax
1006 2639 1141 2688 Theodorali
1160 2636 1224 2689 [list.
1244 2639 1312 2690 Eccl.
1331 2643 1350 2690 1.
1369 2647 1408 2704 7.,
1437 2661 1494 2710 quae

341 2733 425 2774 sotem
442 2741 468 2790 ρ.
477 2725 526 2773 598
546 2724 621 2790 (788)
639 2722 671 2771 ab
689 2725 743 2772 Ario
760 2721 792 2771 de
813 2726 932 2774 Valentino
949 2721 1016 2772 dicta
1034 2733 1139 2784 exstant,
1158 2740 1189 2774 ex
1200 2727 1329 2776 Athanasio
1350 2728 1388 2776 De
1406 2727 1494 2795 Syooh

342 2827 396 2878 oap.
406 2812 446 2859 18.
464 2807 537 2859 attuli
554 2807 587 2858 ad
605 2811 800 2872 Moraliopeula.
820 2826 844 2875 ρ.
855 2811 896 2858 78.
916 2807 957 2857 ubi
974 2807 1096 2858 illustravi
1115 2807 1284 2876 theologicum
1303 2811 1373 2862 vocis
1391 2810 1494 2882 προβολὴ

341 2911 420 2957 asom,
438 2910 512 2963 qoem
524 2897 595 2944 Arius
611 2911 636 2962 p.
648 2895 697 2942 588
711 2893 786 2961 (788)
806 2892 896 2943 iterum
914 2903 994 2943 notat.
1031 2893 1102 2944 Adde
1119 2905 1206 2944 aouot.
1218 2896 1244 2944 io
1262 2897 1293 2946 Τ.
1304 2897 1322 2946 ί.
1336 2914 1361 2963 p.
1373 2901 1422 2948 178
1432 2897 1496 2964 (88).

342 2980 380 3030 Da
402 2995 465 3029 voce
490 2975 569 3046 ἐρνγν)
595 2979 664 3028 οοο1.
689 2980 806 3041 lhaophll.
823 2977 857 3027 ad
876 2977 989 3045 Autolyo.
1010 2979 1040 3028 11.
1060 2982 1098 3027 17.
1126 2976 1190 3048 ἔχων
1208 3017 1231 3029 ..
1250 2976 1265 3032 ὅ
1283 2979 1345 3042 tels
1369 2980 1496 3049 τὸνλόγον

342 3059 485 3118 ἐνδιάθετον
502 3063 598 3123 ἐντοῖς
615 3063 688 3123 ίδίοις
706 3059 869 3132 σπλάγχνοις,
894 3061 1025 3132 ἐγέννησεν
1043 3057 1139 3124 alitis,
1162 3061 1227 3130 μετὰ
1244 3067 1294 3130 τῆς
1313 3062 1393 3121 αὐτοῦ
1412 3069 1496 3136 σοφίας

343 3147 612 3214 ἐξερευξάμενος
635 3146 684 3215 πρὸ
708 3148 759 3200 τῶν
783 3141 857 3200 ὅλων,
901 3149 993 3211 θῆραι
1011 3147 1037 3198 in
1055 3152 1138 3200 Ιοαπνι.
1158 3149 1177 3200 1.
1193 3153 1234 3199 78.
1260 3149 1301 3200 ubi
1321 3150 1356 3202 rle
1379 3152 1437 3206 looo
1462 3153 1495 3202 Ps

342 3240 394 3298 77,
412 3237 438 3284 8.
463 3229 679 3299 ἐξηρειίξατο
704 3229 724 3299 οἱ
741 3233 835 3300 καρδία
852 3251 900 3300 μου
918 3231 990 3300 1ο’γον
1007 3227 1112 3301 ἀγαθόν.
1150 3233 1205 3286 vu.
1225 3237 1333 3286 lhomus.
1351 3237 1377 3287 in
1397 3238 1495 3304 Origene

342 3336 368 3387 p.
380 3323 437 3368 118.
461 3319 539 3369 Testa
557 3321 699 3382 Summano,
715 3321 862 3381 Alexander,
878 3316 1017 3386 Episcopus
1037 3317 1215 3380 Alexandriae,
1233 3319 1259 3370 iu
1277 3321 1386 3389 epistola
1404 3322 1436 3372 de
1451 3325 1496 3372 Aul

343 3402 440 3456 haeresi
459 3403 540 3453 verbis
557 3419 587 3452 ex
613 3403 650 3453 Ps.
670 3409 717 3464 77,
736 3409 759 3454 8.
781 3404 842 3453 item
860 3403 949 3454 abusos
966 3415 1020 3465 est,
1046 3415 1072 3454 ut
1090 3404 1179 3454 Filium
1197 3404 1308 3456 divinum
1328 3417 1355 3456 et
1373 3417 1494 3457 aeteruum

344 3505 399 3540 ease
423 3488 615 3538 demonstraret.
658 3488 728 3538 Adde
753 3492 889 3540 Marcellum
915 3493 1064 3551 homonum
1089 3491 1155 3556 apud
1179 3493 1296 3554 Epiphou
1313 3493 1343 3542 Τ.
1363 3494 1405 3544 111,
1430 3512 1452 3560 p.
1468 3495 1495 3540 58

345 3575 431 3643 (888).
467 3575 511 3624 Est
527 3581 610 3624 autem
628 3571 705 3642 ἐρογν)
724 3582 810 3624 nostro
827 3575 884 3624 loco
900 3589 976 3626 aomo
992 3590 1032 3625 οτι
1047 3579 1225 3638 pronunciatus,
1242 3575 1306 3626 siurt
1324 3575 1496 3646 ἐξερεύγεσδαι

343 3661 434 3711 Psalm.
451 3658 468 3709 l.
486 3675 506 3708 c.
525 3659 592 3709 idem
609 3659 676 3710 valet
692 3677 722 3710 ac
737 3663 902 3724 proowuoiure,
920 3659 1038 3728 loquendi
1057 3677 1101 3710 usu
1120 3660 1214 3712 ludaeis
1233 3661 1406 3712 Alexandrinis
1424 3660 1493 3712 lumi-

343 3745 407 3796 liari.
443 3743 501 3795 vid.
519 3746 617 3796 Lohech.
636 3744 667 3794 ad
687 3747 813 3808 Phrynich.
835 3766 858 3814 p.
876 3749 916 3796 88.
932 3763 969 3813 sq.
1004 3749 1133 3810 Εγῐιιίίεπιίί
1151 3745 1208 3806 νῐιο,
1227 3746 1260 3798 tle
1278 3765 1325 3815 quo
1343 3745 1410 3797 idem
1428 3749 1456 3796 V.
1470 3747 1495 3796 ll.

344 3830 459 3896 monuit,
484 3830 586 3881 verbum
602 3829 679 3882 habet
696 3849 736 3898 up.
755 3834 840 3894 Epiph.
859 3833 890 3883 Τ.
903 3832 945 3880 lll.
964 3848 988 3897 p.
1002 3835 1051 3880 870
1070 3833 1146 3898 (888)
1172 3832 1236 3883 binis
1259 3831 1321 3882 locis
1345 3831 1370 3881 in
1396 3831 1494 3899 epistola

344 3919 476 3969 Athanasii.
511 3915 583 3966 adde
601 3927 688 3966 annot.
706 3915 732 3966 io
750 3918 780 3968 Τ.
794 3918 810 3964 1.
831 3933 855 3984 ρ.
867 3919 915 3966 168
935 3917 1004 3985 (78).
1039 3917 1097 3967 Non
1115 3927 1168 3967 erat
1185 3917 1269 3984 igitur,
1288 3916 1356 3984 quod
1374 3921 1456 3968 Dooiel
1472 3915 1494 3964 iu

344 4002 453 4054 Tatiauo
471 4020 496 4070 ρ.
508 4005 565 4052 155.
583 4001 645 4051 illud
663 3999 844 4070 ἐξερεύγεσθαι
861 4001 927 4069 apud
946 4005 1096 4065 Theophilum
1114 4003 1131 4053 l.
1147 4021 1167 4052 c.
1185 4020 1231 4069 pro
1249 4004 1365 4070 gnostico
1383 4003 1422 4053 vel
1440 4001 1493 4051 osb-

345 4087 464 4139 balistico
479 4087 574 4138 maiore
591 4087 652 4148 iura,
671 4105 744 4154 quoru
761 4088 893 4154 προπηδᾶν
910 4105 950 4155 ap.
964 4091 1058 4138 Tollou.
1070 4091 1164 4156 cuph,
1182 4087 1268 4138 haberi
1285 4105 1359 4155 posse
1373 4097 1493 4138 statueret.

413 4174 440 4224 P.
458 4177 507 4224 588
526 4174 610 4241 (788).
636 4165 704 4226 οὔδ’
722 4167 764 4232 οἷς
781 4168 942 4237 Ἱέρακας
961 4170 1081 4241 λύγνον
1098 4167 1161 4227 uiui
1181 4169 1303 4242 λιίγνον
1320 4165 1339 4241 ἦ
1356 4169 1400 4232 οἷς
1416 4178 1494 4238 λαμ-

346 4253 440 4313 πάδα
458 4257 510 4318 είς
526 4255 596 4326 δύο]
616 4258 736 4310 Similiter
753 4258 795 4309 alii
813 4257 845 4308 de
861 4257 926 4309 Filio
944 4268 970 4306 et
989 4277 1048 4309 vero
1066 4259 1142 4308 etiam
1159 4258 1190 4308 tle
1209 4257 1302 4326 Spiritu
1320 4267 1407 4307 sancto
1423 4255 1494 4306 locuti

346 4352 411 4394 suut.
448 4342 520 4393 Coul.
538 4348 618 4396 lustin.
637 4347 707 4405 llorl.
727 4344 791 4394 lliul.
810 4361 831 4395 c.
851 4343 947 4412 Tryph.
966 4362 989 4412 p.
999 4347 1056 4396 887.
1068 4356 1094 4393 et
1112 4348 1168 4393 858.
1188 4348 1282 4395 Tollen.
1302 4345 1370 4394 Orat.
1381 4359 1402 4393 c.
1413 4341 1493 4391 Graes

348 4445 402 4496 cap.
418 4433 442 4479 8.
461 4439 487 4478 et
504 4428 555 4479 vid.
574 4432 685 4480 Semisclt.
703 4430 729 4480 lo
748 4429 842 4480 lustiuo
862 4431 934 4480 Mart.
952 4431 985 4480 T.
1002 4432 1031 4478 ll.
1051 4447 1076 4496 p.
1088 4433 1145 4480 888.
1158 4448 1196 4498 sq.
1216 4429 1257 4497 qui
1274 4429 1381 4478 illustrat
1398 4438 1494 4477 senteu-

346 4513 408 4563 tiam
424 4515 522 4576 lusliui,
545 4514 677 4574 docentis,
704 4514 824 4582 Spiritum
841 4534 856 4565 a
873 4515 929 4566 Deo
947 4531 996 4565 ooo
1013 4515 1137 4582 separari.
1163 4514 1223 4576 sad,
1250 4524 1276 4564 ut
1294 4514 1375 4582 iguem
1392 4513 1422 4563 ab
1438 4509 1492 4578 igni.

347 4598 417 4650 nullo
434 4599 486 4650 eius
504 4598 655 4650 detrimento
674 4597 804 4668 proficisci.
840 4599 914 4666 Quod
932 4610 1015 4651 auteur
1032 4599 1099 4650 idem
1117 4602 1146 4651 V.
1160 4601 1189 4651 l).
1207 4601 1239 4652 T.
1251 4601 1280 4650 ll.
1301 4619 1323 4668 p.
1335 4602 1391 4649 807.
1409 4597 1491 4668 opina-
