<?xml version="1.0" encoding="UTF-8"?>
<!DOCTYPE html PUBLIC "-//W3C//DTD XHTML 1.0 Transitional//EN"
    "http://www.w3.org/TR/xhtml1/DTD/xhtml1-transitional.dtd">
<html xmlns="http://www.w3.org/1999/xhtml" xml:lang="en" lang="en">
 <head>
  <title>
</title>
<meta http-equiv="Content-Type" content="text/html;charset=utf-8" />
  <meta name='ocr-system' content='tesseract 3.04.00' />
  <meta name='ocr-capabilities' content='ocr_page ocr_carea ocr_par ocr_line ocrx_word'/>
</head>
<body>
  <div class='ocr_page' id='page_1' title='image "./corporishaerese03unkngoog_0137.png"; bbox 0 0 3216 5152; ppageno 0'>
   <div class='ocr_carea' id='block_1_1' title="bbox 335 358 401 416">
    <p class='ocr_par' dir='ltr' id='par_1_1' title="bbox 335 358 401 416">
     <span class='ocr_line' id='line_1_1' title="bbox 335 358 401 416; baseline 0 -6"><span class='ocrx_word' id='word_1_1' title='bbox 335 358 401 416; x_wconf 79' lang='lat' dir='ltr'>XIV.</span> 
     </span>
    </p>
   </div>
   <div class='ocr_carea' id='block_1_2' title="bbox 333 503 1490 2382">
    <p class='ocr_par' dir='ltr' id='par_1_2' title="bbox 336 503 1478 670">
     <span class='ocr_line' id='line_1_2' title="bbox 403 503 1478 589; baseline 0.007 -23"><span class='ocrx_word' id='word_1_2' title='bbox 403 509 448 574; x_wconf 75' lang='grc' dir='ltr'>Ἐξ</span> <span class='ocrx_word' id='word_1_3' title='bbox 458 503 494 565; x_wconf 78' lang='grc' dir='ltr'>ὧν</span> <span class='ocrx_word' id='word_1_4' title='bbox 506 511 530 564; x_wconf 76' lang='lat' dir='ltr'>et</span> <span class='ocrx_word' id='word_1_5' title='bbox 543 511 638 582; x_wconf 66' lang='lat' dir='ltr'>potu]</span> <span class='ocrx_word' id='word_1_6' title='bbox 666 511 706 569; x_wconf 78' lang='lat' dir='ltr'>lie</span> <span class='ocrx_word' id='word_1_7' title='bbox 717 511 921 570; x_wconf 74' lang='lat' dir='ltr'>Smeceuomm</span> <span class='ocrx_word' id='word_1_8' title='bbox 936 512 1025 584; x_wconf 74' lang='lat' dir='ltr'>pubet:</span> <span class='ocrx_word' id='word_1_9' title='bbox 1040 518 1067 569; x_wconf 87' lang='lat' dir='ltr'>et</span> <span class='ocrx_word' id='word_1_10' title='bbox 1078 511 1213 586; x_wconf 69' lang='grc' dir='ltr'>φυλάρχοις</span> <span class='ocrx_word' id='word_1_11' title='bbox 1224 514 1347 588; x_wconf 65' lang='lat' dir='ltr'>hequen</span> <span class='ocrx_word' id='word_1_12' title='bbox 1357 515 1478 589; x_wconf 79' lang='lat' dir='ltr'>epuiis:-</span> 
     </span>
     <span class='ocr_line' id='line_1_3' title="bbox 336 597 688 670; baseline 0.003 -17"><span class='ocrx_word' id='word_1_13' title='bbox 336 597 441 670; x_wconf 87' lang='lat' dir='ltr'>oopiuru</span> <span class='ocrx_word' id='word_1_14' title='bbox 453 597 571 670; x_wconf 82' lang='lat' dir='ltr'>siiosque</span> <span class='ocrx_word' id='word_1_15' title='bbox 581 599 688 654; x_wconf 67' lang='lat' dir='ltr'>mento.</span> 
     </span>
    </p>

    <p class='ocr_par' dir='ltr' id='par_1_3' title="bbox 334 676 1484 1184">
     <span class='ocr_line' id='line_1_4' title="bbox 401 676 1479 760; baseline 0.007 -24"><span class='ocrx_word' id='word_1_16' title='bbox 401 681 445 746; x_wconf 81' lang='grc' dir='ltr'>Ἐξ</span> <span class='ocrx_word' id='word_1_17' title='bbox 457 676 532 755; x_wconf 75' lang='lat' dir='ltr'>:imp</span> <span class='ocrx_word' id='word_1_18' title='bbox 549 683 680 755; x_wconf 53' lang='lat' dir='ltr'>ripaeos]</span> <span class='ocrx_word' id='word_1_19' title='bbox 707 684 747 740; x_wconf 88' lang='lat' dir='ltr'>De</span> <span class='ocrx_word' id='word_1_20' title='bbox 762 683 821 740; x_wconf 86' lang='lat' dir='ltr'>lobi</span> <span class='ocrx_word' id='word_1_21' title='bbox 835 684 916 756; x_wconf 86' lang='lat' dir='ltr'>stirpe</span> <span class='ocrx_word' id='word_1_22' title='bbox 932 689 959 740; x_wconf 87' lang='lat' dir='ltr'>et</span> <span class='ocrx_word' id='word_1_23' title='bbox 973 683 1075 756; x_wconf 70' lang='lat' dir='ltr'>odgine</span> <span class='ocrx_word' id='word_1_24' title='bbox 1089 699 1144 740; x_wconf 91' lang='lat' dir='ltr'>non</span> <span class='ocrx_word' id='word_1_25' title='bbox 1159 684 1252 742; x_wconf 68' lang='lat' dir='ltr'>adem</span> <span class='ocrx_word' id='word_1_26' title='bbox 1266 685 1318 740; x_wconf 80' lang='lat' dir='ltr'>tuit</span> <span class='ocrx_word' id='word_1_27' title='bbox 1331 686 1479 760; x_wconf 75' lang='lat' dir='ltr'>suiquemu</span> 
     </span>
     <span class='ocr_line' id='line_1_5' title="bbox 335 769 1481 844; baseline 0.002 -18"><span class='ocrx_word' id='word_1_28' title='bbox 335 770 431 842; x_wconf 85' lang='lat' dir='ltr'>opinio.</span> <span class='ocrx_word' id='word_1_29' title='bbox 459 769 512 824; x_wconf 81' lang='lat' dir='ltr'>Sed</span> <span class='ocrx_word' id='word_1_30' title='bbox 528 785 608 840; x_wconf 85' lang='lat' dir='ltr'>quen:</span> <span class='ocrx_word' id='word_1_31' title='bbox 623 769 784 842; x_wconf 82' lang='lat' dir='ltr'>Epipbenius</span> <span class='ocrx_word' id='word_1_32' title='bbox 801 771 930 842; x_wconf 85' lang='lat' dir='ltr'>sequitur,</span> <span class='ocrx_word' id='word_1_33' title='bbox 953 785 986 825; x_wconf 79' lang='lat' dir='ltr'>ee</span> <span class='ocrx_word' id='word_1_34' title='bbox 1004 771 1152 826; x_wconf 81' lang='lat' dir='ltr'>communie</span> <span class='ocrx_word' id='word_1_35' title='bbox 1171 771 1339 843; x_wconf 78' lang='lat' dir='ltr'>meximeque</span> <span class='ocrx_word' id='word_1_36' title='bbox 1357 773 1481 844; x_wconf 83' lang='lat' dir='ltr'>pcobsbiiis</span> 
     </span>
     <span class='ocr_line' id='line_1_6' title="bbox 334 855 1482 930; baseline 0.003 -20"><span class='ocrx_word' id='word_1_37' title='bbox 334 861 388 910; x_wconf 92' lang='lat' dir='ltr'>est:</span> <span class='ocrx_word' id='word_1_38' title='bbox 409 855 457 910; x_wconf 93' lang='lat' dir='ltr'>Iob</span> <span class='ocrx_word' id='word_1_39' title='bbox 472 855 585 910; x_wconf 86' lang='lat' dir='ltr'>eundem</span> <span class='ocrx_word' id='word_1_40' title='bbox 600 871 658 910; x_wconf 85' lang='lat' dir='ltr'>esee</span> <span class='ocrx_word' id='word_1_41' title='bbox 675 871 737 910; x_wconf 86' lang='lat' dir='ltr'>eun:</span> <span class='ocrx_word' id='word_1_42' title='bbox 751 855 846 923; x_wconf 90' lang='lat' dir='ltr'>Iobeb,</span> <span class='ocrx_word' id='word_1_43' title='bbox 867 856 900 910; x_wconf 86' lang='lat' dir='ltr'>de</span> <span class='ocrx_word' id='word_1_44' title='bbox 910 872 963 927; x_wconf 91' lang='lat' dir='ltr'>quo</span> <span class='ocrx_word' id='word_1_45' title='bbox 976 855 1070 912; x_wconf 85' lang='lat' dir='ltr'>Genes.</span> <span class='ocrx_word' id='word_1_46' title='bbox 1082 873 1178 924; x_wconf 81' lang='lat' dir='ltr'>mer,</span> <span class='ocrx_word' id='word_1_47' title='bbox 1189 855 1232 913; x_wconf 81' lang='lat'>³3.</span> <span class='ocrx_word' id='word_1_48' title='bbox 1262 856 1336 921; x_wconf 84' lang='lat' dir='ltr'>Quod</span> <span class='ocrx_word' id='word_1_49' title='bbox 1347 858 1375 912; x_wconf 91' lang='lat' dir='ltr'>iu</span> <span class='ocrx_word' id='word_1_50' title='bbox 1384 857 1482 930; x_wconf 67' lang='lat' dir='ltr'>sdiu&#39;om</span> 
     </span>
     <span class='ocr_line' id='line_1_7' title="bbox 334 936 1482 1015; baseline -0.001 -20"><span class='ocrx_word' id='word_1_51' title='bbox 334 958 389 996; x_wconf 79' lang='lat' dir='ltr'>nux</span> <span class='ocrx_word' id='word_1_52' title='bbox 403 941 436 994; x_wconf 83' lang='lat' dir='ltr'>ed</span> <span class='ocrx_word' id='word_1_53' title='bbox 453 942 553 996; x_wconf 83' lang='lat' dir='ltr'>cslcem</span> <span class='ocrx_word' id='word_1_54' title='bbox 568 941 629 996; x_wconf 84' lang='lat' dir='ltr'><strong>libri</strong></span> <span class='ocrx_word' id='word_1_55' title='bbox 641 940 689 996; x_wconf 91' lang='lat' dir='ltr'>Iob</span> <span class='ocrx_word' id='word_1_56' title='bbox 706 941 860 996; x_wconf 84' lang='lat' dir='ltr'>sduotstum</span> <span class='ocrx_word' id='word_1_57' title='bbox 875 947 927 996; x_wconf 86' lang='lat' dir='ltr'>est:</span> <span class='ocrx_word' id='word_1_58' title='bbox 952 940 1017 996; x_wconf 77' lang='grc' dir='ltr'>ὥστε</span> <span class='ocrx_word' id='word_1_59' title='bbox 1033 936 1092 994; x_wconf 74' lang='grc' dir='ltr'>εἶναι</span> <span class='ocrx_word' id='word_1_60' title='bbox 1108 941 1183 994; x_wconf 68' lang='grc' dir='ltr'>αὐτὸν</span> <span class='ocrx_word' id='word_1_61' title='bbox 1195 942 1306 1013; x_wconf 70' lang='grc' dir='ltr'>πέμπτον</span> <span class='ocrx_word' id='word_1_62' title='bbox 1317 940 1365 996; x_wconf 78' lang='lat' dir='ltr'>:iub</span> <span class='ocrx_word' id='word_1_63' title='bbox 1376 940 1482 1015; x_wconf 68' lang='grc' dir='ltr'>Ἀβραὰμ,</span> 
     </span>
     <span class='ocr_line' id='line_1_8' title="bbox 334 1026 1483 1100; baseline 0.001 -20"><span class='ocrx_word' id='word_1_64' title='bbox 334 1027 442 1081; x_wconf 84' lang='lat' dir='ltr'>excluso</span> <span class='ocrx_word' id='word_1_65' title='bbox 453 1027 552 1082; x_wconf 87' lang='lat' dir='ltr'>scilieet</span> <span class='ocrx_word' id='word_1_66' title='bbox 561 1027 706 1093; x_wconf 82' lang='lat' dir='ltr'>Abrssnuo,</span> <span class='ocrx_word' id='word_1_67' title='bbox 722 1032 752 1081; x_wconf 86' lang='lat' dir='ltr'>ut</span> <span class='ocrx_word' id='word_1_68' title='bbox 762 1026 923 1100; x_wconf 73' lang='lat' dir='ltr'><strong>Epiphanius</strong></span> <span class='ocrx_word' id='word_1_69' title='bbox 935 1027 1126 1099; x_wconf 78' lang='lat' dir='ltr'>interpretetur.</span> <span class='ocrx_word' id='word_1_70' title='bbox 1155 1027 1194 1082; x_wconf 90' lang='lat' dir='ltr'>De</span> <span class='ocrx_word' id='word_1_71' title='bbox 1211 1044 1262 1100; x_wconf 90' lang='lat' dir='ltr'>quo</span> <span class='ocrx_word' id='word_1_72' title='bbox 1278 1027 1337 1082; x_wconf 77' lang='lat' dir='ltr'>vide</span> <span class='ocrx_word' id='word_1_73' title='bbox 1352 1043 1409 1082; x_wconf 88' lang='lat' dir='ltr'>oum</span> <span class='ocrx_word' id='word_1_74' title='bbox 1420 1029 1483 1099; x_wconf 79' lang='lat' dir='ltr'>ulios,</span> 
     </span>
     <span class='ocr_line' id='line_1_9' title="bbox 334 1111 1484 1184; baseline 0.003 -18"><span class='ocrx_word' id='word_1_75' title='bbox 334 1117 391 1166; x_wconf 87' lang='lat' dir='ltr'>tum</span> <span class='ocrx_word' id='word_1_76' title='bbox 402 1111 538 1168; x_wconf 80' lang='lat' dir='ltr'>Selisnmu</span> <span class='ocrx_word' id='word_1_77' title='bbox 548 1117 681 1179; x_wconf 84' lang='lat' dir='ltr'>nostrum,</span> <span class='ocrx_word' id='word_1_78' title='bbox 694 1111 782 1184; x_wconf 84' lang='lat' dir='ltr'>quide</span> <span class='ocrx_word' id='word_1_79' title='bbox 793 1112 851 1168; x_wconf 88' lang='lat' dir='ltr'>lobi</span> <span class='ocrx_word' id='word_1_80' title='bbox 861 1111 984 1180; x_wconf 81' lang='lat' dir='ltr'>historio,</span> <span class='ocrx_word' id='word_1_81' title='bbox 995 1117 1026 1166; x_wconf 90' lang='lat' dir='ltr'>ut</span> <span class='ocrx_word' id='word_1_82' title='bbox 1036 1118 1063 1168; x_wconf 91' lang='lat' dir='ltr'>et</span> <span class='ocrx_word' id='word_1_83' title='bbox 1073 1112 1105 1168; x_wconf 85' lang='lat' dir='ltr'>de</span> <span class='ocrx_word' id='word_1_84' title='bbox 1117 1113 1239 1181; x_wconf 77' lang='lat' dir='ltr'>coeteris,</span> <span class='ocrx_word' id='word_1_85' title='bbox 1250 1113 1379 1168; x_wconf 87' lang='lat' dir='ltr'>luculente</span> <span class='ocrx_word' id='word_1_86' title='bbox 1389 1113 1484 1170; x_wconf 75' lang='lat' dir='ltr'>erudito</span> 
     </span>
    </p>

    <p class='ocr_par' dir='ltr' id='par_1_4' title="bbox 353 1197 508 1254">
     <span class='ocr_line' id='line_1_10' title="bbox 353 1197 508 1254; baseline 0.019 -3"><span class='ocrx_word' id='word_1_87' title='bbox 353 1213 386 1252; x_wconf 92' lang='lat' dir='ltr'>ue</span> <span class='ocrx_word' id='word_1_88' title='bbox 397 1199 448 1252; x_wconf 88' lang='lat' dir='ltr'>scri</span> <span class='ocrx_word' id='word_1_89' title='bbox 480 1197 508 1254; x_wconf 88' lang='lat' dir='ltr'>it.</span> 
     </span>
    </p>

    <p class='ocr_par' dir='ltr' id='par_1_5' title="bbox 334 1213 1488 1525">
     <span class='ocr_line' id='line_1_11' title="bbox 335 1213 1486 1376; baseline 0.003 -40"><span class='ocrx_word' id='word_1_90' title='bbox 335 1213 352 1269; x_wconf 73' lang='lat' dir='ltr'><strong>q</strong></span> <span class='ocrx_word' id='word_1_91' title='bbox 403 1215 516 1352; x_wconf 46' lang='lat' dir='ltr'>&#39;Briso-ie</span> <span class='ocrx_word' id='word_1_92' title='bbox 527 1283 720 1355; x_wconf 73' lang='grc' dir='ltr'>Μεσοποταμίαν</span> <span class='ocrx_word' id='word_1_93' title='bbox 732 1282 841 1352; x_wconf 56' lang='lat' dir='ltr'>usum]</span> <span class='ocrx_word' id='word_1_94' title='bbox 863 1284 1054 1356; x_wconf 75' lang='lat' dir='ltr'>Mesopotmie</span> <span class='ocrx_word' id='word_1_95' title='bbox 1065 1284 1138 1346; x_wconf 58' lang='lat' dir='ltr'>mii</span> <span class='ocrx_word' id='word_1_96' title='bbox 1155 1287 1230 1376; x_wconf 61' lang='grc' dir='ltr'>Ττῠ,</span> <span class='ocrx_word' id='word_1_97' title='bbox 1249 1285 1347 1339; x_wconf 80' lang='lat' dir='ltr'>Pudnu</span> <span class='ocrx_word' id='word_1_98' title='bbox 1360 1286 1439 1339; x_wconf 77' lang='lat' dir='ltr'>Arse:</span> <span class='ocrx_word' id='word_1_99' title='bbox 1447 1301 1486 1357; x_wconf 78' lang='lat' dir='ltr'>sp·</span> 
     </span>
     <span class='ocr_line' id='line_1_12' title="bbox 334 1367 1488 1442; baseline 0.004 -20"><span class='ocrx_word' id='word_1_100' title='bbox 334 1369 445 1439; x_wconf 86' lang='lat' dir='ltr'>pelletur</span> <span class='ocrx_word' id='word_1_101' title='bbox 457 1367 553 1425; x_wconf 86' lang='lat' dir='ltr'>Genee.</span> <span class='ocrx_word' id='word_1_102' title='bbox 565 1387 619 1425; x_wconf 77' lang='lat' dir='ltr'>xxv</span> <span class='ocrx_word' id='word_1_103' title='bbox 630 1375 758 1427; x_wconf 76' lang='lat' dir='ltr'>einum.</span> <span class='ocrx_word' id='word_1_104' title='bbox 782 1369 834 1424; x_wconf 78' lang='lat' dir='ltr'>eeu</span> <span class='ocrx_word' id='word_1_105' title='bbox 846 1385 913 1441; x_wconf 84' lang='lat' dir='ltr'>quse</span> <span class='ocrx_word' id='word_1_106' title='bbox 925 1369 961 1424; x_wconf 85' lang='lat' dir='ltr'>sit</span> <span class='ocrx_word' id='word_1_107' title='bbox 970 1369 1373 1442; x_wconf 74' lang='lat' dir='ltr'>sltersbiesopotsmisflueobs,</span> <span class='ocrx_word' id='word_1_108' title='bbox 1383 1371 1488 1426; x_wconf 83' lang='lat' dir='ltr'>nonium</span> 
     </span>
     <span class='ocr_line' id='line_1_13' title="bbox 334 1455 915 1525; baseline 0 -17"><span class='ocrx_word' id='word_1_109' title='bbox 334 1455 461 1525; x_wconf 85' lang='lat' dir='ltr'>comperi,</span> <span class='ocrx_word' id='word_1_110' title='bbox 478 1471 525 1509; x_wconf 91' lang='lat' dir='ltr'>nec</span> <span class='ocrx_word' id='word_1_111' title='bbox 536 1455 592 1510; x_wconf 84' lang='lat' dir='ltr'>ulls</span> <span class='ocrx_word' id='word_1_112' title='bbox 603 1455 659 1510; x_wconf 88' lang='lat' dir='ltr'>eius</span> <span class='ocrx_word' id='word_1_113' title='bbox 670 1455 785 1510; x_wconf 89' lang='lat' dir='ltr'>nominis</span> <span class='ocrx_word' id='word_1_114' title='bbox 797 1456 915 1510; x_wconf 83' lang='lat' dir='ltr'>occurrit.</span> 
     </span>
    </p>

    <p class='ocr_par' dir='ltr' id='par_1_6' title="bbox 334 1538 1489 1954">
     <span class='ocr_line' id='line_1_14' title="bbox 401 1538 1488 1612; baseline 0.004 -19"><span class='ocrx_word' id='word_1_115' title='bbox 401 1538 432 1593; x_wconf 84' lang='lat' dir='ltr'>N.</span> <span class='ocrx_word' id='word_1_116' title='bbox 441 1557 478 1595; x_wconf 82' lang='lat' dir='ltr'>u.</span> <span class='ocrx_word' id='word_1_117' title='bbox 498 1540 539 1592; x_wconf 86' lang='grc' dir='ltr'>Ἐν</span> <span class='ocrx_word' id='word_1_118' title='bbox 551 1539 722 1612; x_wconf 73' lang='grc' dir='ltr'>ίβδσμήισντσ</span> <span class='ocrx_word' id='word_1_119' title='bbox 733 1540 839 1612; x_wconf 76' lang='grc' dir='ltr'>ψυχῶν]</span> <span class='ocrx_word' id='word_1_120' title='bbox 869 1539 940 1596; x_wconf 82' lang='lat' dir='ltr'>Oorr.</span> <span class='ocrx_word' id='word_1_121' title='bbox 953 1539 1052 1612; x_wconf 77' lang='grc' dir='ltr'>ψυχιτῑς.</span> <span class='ocrx_word' id='word_1_122' title='bbox 1082 1540 1121 1596; x_wconf 89' lang='lat' dir='ltr'>De</span> <span class='ocrx_word' id='word_1_123' title='bbox 1132 1557 1241 1596; x_wconf 86' lang='lat' dir='ltr'>numero</span> <span class='ocrx_word' id='word_1_124' title='bbox 1252 1540 1380 1596; x_wconf 62' lang='lat' dir='ltr'>diesim</span> <span class='ocrx_word' id='word_1_125' title='bbox 1390 1541 1488 1597; x_wconf 81' lang='lat' dir='ltr'>Esbreei</span> 
     </span>
     <span class='ocr_line' id='line_1_15' title="bbox 334 1623 1488 1699; baseline 0.003 -21"><span class='ocrx_word' id='word_1_126' title='bbox 334 1623 472 1696; x_wconf 81' lang='lat' dir='ltr'>betinique</span> <span class='ocrx_word' id='word_1_127' title='bbox 483 1626 585 1682; x_wconf 85' lang='lat' dir='ltr'>codices</span> <span class='ocrx_word' id='word_1_128' title='bbox 596 1643 673 1682; x_wconf 82' lang='lat' dir='ltr'>stu</span> <span class='ocrx_word' id='word_1_129' title='bbox 682 1625 848 1691; x_wconf 71' lang='lat' dir='ltr'>Senioribus,</span> <span class='ocrx_word' id='word_1_130' title='bbox 858 1625 1002 1682; x_wconf 83' lang='lat' dir='ltr'>secundum</span> <span class='ocrx_word' id='word_1_131' title='bbox 1013 1643 1078 1698; x_wconf 87' lang='lat' dir='ltr'>quos</span> <span class='ocrx_word' id='word_1_132' title='bbox 1087 1628 1145 1682; x_wconf 81' lang='lat' dir='ltr'>Act.</span> <span class='ocrx_word' id='word_1_133' title='bbox 1153 1646 1200 1693; x_wconf 79' lang='lat' dir='ltr'>eu,</span> <span class='ocrx_word' id='word_1_134' title='bbox 1211 1627 1251 1682; x_wconf 77' lang='lat' dir='ltr'>lt</span> <span class='ocrx_word' id='word_1_135' title='bbox 1273 1626 1420 1699; x_wconf 65' lang='lat' dir='ltr'>Stephanus</span> <span class='ocrx_word' id='word_1_136' title='bbox 1428 1645 1488 1682; x_wconf 79' lang='lat' dir='ltr'>uu:</span> 
     </span>
     <span class='ocr_line' id='line_1_16' title="bbox 334 1710 1488 1784; baseline 0.003 -20"><span class='ocrx_word' id='word_1_137' title='bbox 334 1710 436 1764; x_wconf 84' lang='lat' dir='ltr'>enimes</span> <span class='ocrx_word' id='word_1_138' title='bbox 452 1717 600 1766; x_wconf 83' lang='lat' dir='ltr'>enumeret:</span> <span class='ocrx_word' id='word_1_139' title='bbox 620 1727 771 1783; x_wconf 85' lang='lat' dir='ltr'>quenqueru</span> <span class='ocrx_word' id='word_1_140' title='bbox 786 1711 865 1766; x_wconf 86' lang='lat' dir='ltr'>iidem</span> <span class='ocrx_word' id='word_1_141' title='bbox 880 1712 919 1766; x_wconf 85' lang='lat' dir='ltr'>iili</span> <span class='ocrx_word' id='word_1_142' title='bbox 930 1729 984 1766; x_wconf 80' lang='lat' dir='ltr'>uxr</span> <span class='ocrx_word' id='word_1_143' title='bbox 1000 1710 1103 1766; x_wconf 84' lang='lat' dir='ltr'>Denter.</span> <span class='ocrx_word' id='word_1_144' title='bbox 1120 1730 1150 1778; x_wconf 88' lang='lat' dir='ltr'>x,</span> <span class='ocrx_word' id='word_1_145' title='bbox 1171 1712 1204 1766; x_wconf 77' lang='lat'>22</span> <span class='ocrx_word' id='word_1_146' title='bbox 1224 1729 1278 1768; x_wconf 90' lang='lat' dir='ltr'>non</span> <span class='ocrx_word' id='word_1_147' title='bbox 1294 1713 1383 1784; x_wconf 88' lang='lat' dir='ltr'>plures</span> <span class='ocrx_word' id='word_1_148' title='bbox 1399 1713 1488 1768; x_wconf 84' lang='lat' dir='ltr'>enimes</span> 
     </span>
     <span class='ocr_line' id='line_1_17' title="bbox 334 1795 1489 1869; baseline 0.004 -20"><span class='ocrx_word' id='word_1_149' title='bbox 334 1811 414 1866; x_wconf 88' lang='lat' dir='ltr'>quern</span> <span class='ocrx_word' id='word_1_150' title='bbox 426 1797 594 1868; x_wconf 76' lang='lat' dir='ltr'>septugints</span> <span class='ocrx_word' id='word_1_151' title='bbox 604 1803 755 1869; x_wconf 83' lang='lat' dir='ltr'>posuerunt</span> <span class='ocrx_word' id='word_1_152' title='bbox 778 1795 817 1851; x_wconf 87' lang='lat' dir='ltr'>De</span> <span class='ocrx_word' id='word_1_153' title='bbox 828 1796 877 1851; x_wconf 86' lang='lat' dir='ltr'>bec</span> <span class='ocrx_word' id='word_1_154' title='bbox 888 1797 1041 1868; x_wconf 82' lang='lat' dir='ltr'>queestione</span> <span class='ocrx_word' id='word_1_155' title='bbox 1052 1797 1110 1852; x_wconf 78' lang='lat' dir='ltr'>vide</span> <span class='ocrx_word' id='word_1_156' title='bbox 1117 1797 1222 1852; x_wconf 84' lang='lat' dir='ltr'>Hieron.</span> <span class='ocrx_word' id='word_1_157' title='bbox 1233 1799 1262 1852; x_wconf 89' lang='lat' dir='ltr'>in</span> <span class='ocrx_word' id='word_1_158' title='bbox 1270 1797 1369 1854; x_wconf 81' lang='lat' dir='ltr'>Trsdit</span> <span class='ocrx_word' id='word_1_159' title='bbox 1378 1803 1405 1852; x_wconf 91' lang='lat' dir='ltr'>et</span> <span class='ocrx_word' id='word_1_160' title='bbox 1410 1799 1489 1869; x_wconf 78' lang='lat' dir='ltr'>sngu-</span> 
     </span>
     <span class='ocr_line' id='line_1_18' title="bbox 334 1880 1155 1954; baseline 0 -19"><span class='ocrx_word' id='word_1_161' title='bbox 334 1881 395 1936; x_wconf 88' lang='lat' dir='ltr'>etin.</span> <span class='ocrx_word' id='word_1_162' title='bbox 409 1880 514 1945; x_wconf 85' lang='lat' dir='ltr'>Queest</span> <span class='ocrx_word' id='word_1_163' title='bbox 526 1899 590 1939; x_wconf 84' lang='lat' dir='ltr'>cun.</span> <span class='ocrx_word' id='word_1_164' title='bbox 602 1883 630 1936; x_wconf 89' lang='lat' dir='ltr'>in</span> <span class='ocrx_word' id='word_1_165' title='bbox 642 1883 737 1938; x_wconf 81' lang='lat' dir='ltr'>Gener.</span> <span class='ocrx_word' id='word_1_166' title='bbox 749 1889 777 1936; x_wconf 88' lang='lat' dir='ltr'>et</span> <span class='ocrx_word' id='word_1_167' title='bbox 787 1900 841 1939; x_wconf 80' lang='lat' dir='ltr'>svs.</span> <span class='ocrx_word' id='word_1_168' title='bbox 854 1883 886 1936; x_wconf 88' lang='lat' dir='ltr'>de</span> <span class='ocrx_word' id='word_1_169' title='bbox 898 1882 973 1940; x_wconf 74' lang='lat' dir='ltr'>civit</span> <span class='ocrx_word' id='word_1_170' title='bbox 985 1881 1034 1937; x_wconf 90' lang='lat' dir='ltr'>Dei</span> <span class='ocrx_word' id='word_1_171' title='bbox 1046 1898 1103 1954; x_wconf 83' lang='lat' dir='ltr'>esp.</span> <span class='ocrx_word' id='word_1_172' title='bbox 1113 1882 1155 1936; x_wconf 75' lang='lat'>40.</span> 
     </span>
    </p>

    <p class='ocr_par' dir='ltr' id='par_1_7' title="bbox 333 1964 1490 2382">
     <span class='ocr_line' id='line_1_19' title="bbox 403 1964 1490 2040; baseline 0.004 -22"><span class='ocrx_word' id='word_1_173' title='bbox 403 1964 447 2018; x_wconf 88' lang='grc' dir='ltr'>Ἐν</span> <span class='ocrx_word' id='word_1_174' title='bbox 458 1969 557 2038; x_wconf 77' lang='grc' dir='ltr'>χρόνοις</span> <span class='ocrx_word' id='word_1_175' title='bbox 569 1967 718 2036; x_wconf 66' lang='lat' dir='ltr'>Mutetur]</span> <span class='ocrx_word' id='word_1_176' title='bbox 745 1967 828 2022; x_wconf 79' lang='lat' dir='ltr'>Prsv:</span> <span class='ocrx_word' id='word_1_177' title='bbox 842 1968 1015 2040; x_wconf 74' lang='lat' dir='ltr'><strong>interpunctio</strong></span> <span class='ocrx_word' id='word_1_178' title='bbox 1030 1967 1200 2024; x_wconf 72' lang='lat' dir='ltr'>fusissimus:</span> <span class='ocrx_word' id='word_1_179' title='bbox 1214 1969 1490 2024; x_wconf 67' lang='lat' dir='ltr'>:enuntiatone</span> 
     </span>
     <span class='ocr_line' id='line_1_20' title="bbox 333 2052 1489 2126; baseline 0.002 -21"><span class='ocrx_word' id='word_1_180' title='bbox 333 2052 446 2124; x_wconf 75' lang='lat' dir='ltr'>peperit:</span> <span class='ocrx_word' id='word_1_181' title='bbox 457 2069 552 2125; x_wconf 90' lang='lat' dir='ltr'>nempe</span> <span class='ocrx_word' id='word_1_182' title='bbox 561 2055 652 2125; x_wconf 83' lang='lat' dir='ltr'>quinte</span> <span class='ocrx_word' id='word_1_183' title='bbox 663 2057 734 2124; x_wconf 80' lang='grc' dir='ltr'>γενεᾷ</span> <span class='ocrx_word' id='word_1_184' title='bbox 745 2053 883 2125; x_wconf 89' lang='lat' dir='ltr'>utrobique</span> <span class='ocrx_word' id='word_1_185' title='bbox 894 2059 949 2107; x_wconf 81' lang='lat' dir='ltr'>tem</span> <span class='ocrx_word' id='word_1_186' title='bbox 959 2054 988 2107; x_wconf 93' lang='lat' dir='ltr'>in</span> <span class='ocrx_word' id='word_1_187' title='bbox 998 2054 1080 2124; x_wconf 89' lang='lat' dir='ltr'>stirpe</span> <span class='ocrx_word' id='word_1_188' title='bbox 1090 2053 1165 2119; x_wconf 78' lang='lat' dir='ltr'>Levi,</span> <span class='ocrx_word' id='word_1_189' title='bbox 1177 2053 1489 2126; x_wconf 73' lang='lat' dir='ltr'>quemludse,1sreelites</span> 
     </span>
     <span class='ocr_line' id='line_1_21' title="bbox 334 2137 1490 2212; baseline 0.007 -20"><span class='ocrx_word' id='word_1_190' title='bbox 334 2154 368 2192; x_wconf 86' lang='lat' dir='ltr'>ex</span> <span class='ocrx_word' id='word_1_191' title='bbox 379 2137 500 2210; x_wconf 71' lang='lat' dir='ltr'>Aegypto</span> <span class='ocrx_word' id='word_1_192' title='bbox 510 2139 647 2210; x_wconf 74' lang='lat' dir='ltr'>migrasse.</span> <span class='ocrx_word' id='word_1_193' title='bbox 675 2139 750 2194; x_wconf 80' lang='lat' dir='ltr'>Dixit</span> <span class='ocrx_word' id='word_1_194' title='bbox 760 2139 831 2194; x_wconf 86' lang='lat' dir='ltr'>enin:</span> <span class='ocrx_word' id='word_1_195' title='bbox 841 2140 920 2210; x_wconf 86' lang='lat' dir='ltr'>penlo</span> <span class='ocrx_word' id='word_1_196' title='bbox 932 2145 1004 2194; x_wconf 85' lang='lat' dir='ltr'>ente:</span> <span class='ocrx_word' id='word_1_197' title='bbox 1022 2139 1151 2194; x_wconf 69' lang='lat' dir='ltr'>menuae</span> <span class='ocrx_word' id='word_1_198' title='bbox 1167 2139 1226 2194; x_wconf 85' lang='lat' dir='ltr'>ilios</span> <span class='ocrx_word' id='word_1_199' title='bbox 1242 2141 1270 2194; x_wconf 87' lang='lat' dir='ltr'>in</span> <span class='ocrx_word' id='word_1_200' title='bbox 1280 2139 1404 2212; x_wconf 73' lang='lat' dir='ltr'>Aegypto</span> <span class='ocrx_word' id='word_1_201' title='bbox 1420 2139 1490 2209; x_wconf 67' lang='grc' dir='ltr'>γενεὰς</span> 
     </span>
     <span class='ocr_line' id='line_1_22' title="bbox 334 2223 1488 2296; baseline 0.002 -20"><span class='ocrx_word' id='word_1_202' title='bbox 334 2223 416 2294; x_wconf 70' lang='grc' dir='ltr'>πέντε,</span> <span class='ocrx_word' id='word_1_203' title='bbox 437 2241 502 2296; x_wconf 87' lang='lat' dir='ltr'>quse</span> <span class='ocrx_word' id='word_1_204' title='bbox 519 2223 611 2278; x_wconf 83' lang='lat' dir='ltr'>deinde</span> <span class='ocrx_word' id='word_1_205' title='bbox 627 2225 781 2296; x_wconf 76' lang='lat' dir='ltr'>singiiletim</span> <span class='ocrx_word' id='word_1_206' title='bbox 795 2229 937 2296; x_wconf 84' lang='lat' dir='ltr'>percenset</span> <span class='ocrx_word' id='word_1_207' title='bbox 973 2224 1054 2296; x_wconf 78' lang='lat' dir='ltr'>Atqui</span> <span class='ocrx_word' id='word_1_208' title='bbox 1069 2223 1102 2279; x_wconf 85' lang='lat' dir='ltr'>de</span> <span class='ocrx_word' id='word_1_209' title='bbox 1118 2225 1175 2279; x_wconf 85' lang='lat' dir='ltr'>sele</span> <span class='ocrx_word' id='word_1_210' title='bbox 1190 2223 1217 2279; x_wconf 86' lang='lat' dir='ltr'>id</span> <span class='ocrx_word' id='word_1_211' title='bbox 1233 2224 1352 2282; x_wconf 81' lang='lat' dir='ltr'>beritius</span> <span class='ocrx_word' id='word_1_212' title='bbox 1368 2232 1488 2296; x_wconf 77' lang='lat' dir='ltr'>utcmque</span> 
     </span>
     <span class='ocr_line' id='line_1_23' title="bbox 334 2309 1305 2382; baseline 0.006 -20"><span class='ocrx_word' id='word_1_213' title='bbox 334 2325 424 2364; x_wconf 70' lang='lat' dir='ltr'>vuum</span> <span class='ocrx_word' id='word_1_214' title='bbox 436 2315 487 2376; x_wconf 83' lang='lat' dir='ltr'>eet3</span> <span class='ocrx_word' id='word_1_215' title='bbox 504 2311 533 2366; x_wconf 91' lang='lat' dir='ltr'>in</span> <span class='ocrx_word' id='word_1_216' title='bbox 544 2309 624 2366; x_wconf 83' lang='lat' dir='ltr'>Indue</span> <span class='ocrx_word' id='word_1_217' title='bbox 634 2312 716 2382; x_wconf 85' lang='lat' dir='ltr'>stirpe</span> <span class='ocrx_word' id='word_1_218' title='bbox 725 2310 830 2366; x_wconf 83' lang='lat' dir='ltr'>ieleum.</span> <span class='ocrx_word' id='word_1_219' title='bbox 857 2311 928 2365; x_wconf 81' lang='lat' dir='ltr'>Hsec</span> <span class='ocrx_word' id='word_1_220' title='bbox 938 2310 1010 2365; x_wconf 86' lang='lat' dir='ltr'>euim</span> <span class='ocrx_word' id='word_1_221' title='bbox 1021 2315 1061 2366; x_wconf 84' lang='lat' dir='ltr'>est</span> <span class='ocrx_word' id='word_1_222' title='bbox 1072 2311 1206 2382; x_wconf 77' lang='lat' dir='ltr'>cuiusque</span> <span class='ocrx_word' id='word_1_223' title='bbox 1217 2312 1305 2368; x_wconf 88' lang='lat' dir='ltr'>series.</span> 
     </span>
    </p>
   </div>
   <div class='ocr_carea' id='block_1_3' title="bbox 637 2446 1107 2588">
    <p class='ocr_par' dir='ltr' id='par_1_8' title="bbox 637 2446 1107 2588">
     <span class='ocr_line' id='line_1_24' title="bbox 877 2446 955 2502; baseline 0 0"><span class='ocrx_word' id='word_1_224' title='bbox 877 2446 955 2502; x_wconf 72' lang='lat' dir='ltr'>Iacob</span> 
     </span>
     <span class='ocr_line' id='line_1_25' title="bbox 637 2531 1107 2588; baseline 0 -1"><span class='ocrx_word' id='word_1_225' title='bbox 637 2531 702 2587; x_wconf 80' lang='lat' dir='ltr'>Levi</span> <span class='ocrx_word' id='word_1_226' title='bbox 1041 2531 1107 2588; x_wconf 81' lang='lat' dir='ltr'>luds</span> 
     </span>
    </p>
   </div>
   <div class='ocr_carea' id='block_1_4' title="bbox 572 2615 1189 3015">
    <p class='ocr_par' dir='ltr' id='par_1_9' title="bbox 572 2615 1146 2862">
     <span class='ocr_line' id='line_1_26' title="bbox 572 2615 1140 2673; baseline 0 -1"><span class='ocrx_word' id='word_1_227' title='bbox 572 2625 575 2632; x_wconf 85' lang='grc'><strong>’</strong></span> <span class='ocrx_word' id='word_1_228' title='bbox 638 2615 721 2673; x_wconf 70' lang='lat' dir='ltr'>unet</span> <span class='ocrx_word' id='word_1_229' title='bbox 1042 2617 1140 2672; x_wconf 85' lang='lat' dir='ltr'>Pheres</span> 
     </span>
     <span class='ocr_line' id='line_1_27' title="bbox 640 2703 1146 2760; baseline -0.002 -2"><span class='ocrx_word' id='word_1_230' title='bbox 640 2704 749 2758; x_wconf 73' lang='lat' dir='ltr'>smum</span> <span class='ocrx_word' id='word_1_231' title='bbox 1044 2703 1146 2760; x_wconf 84' lang='lat' dir='ltr'>Hesron</span> 
     </span>
     <span class='ocr_line' id='line_1_28' title="bbox 638 2788 1109 2862; baseline -0.006 -16"><span class='ocrx_word' id='word_1_232' title='bbox 638 2789 744 2862; x_wconf 68' lang='lat' dir='ltr'>Moyses</span> <span class='ocrx_word' id='word_1_233' title='bbox 1041 2788 1109 2843; x_wconf 82' lang='lat' dir='ltr'>Rem</span> 
     </span>
    </p>

    <p class='ocr_par' dir='ltr' id='par_1_10' title="bbox 1041 2874 1189 3015">
     <span class='ocr_line' id='line_1_29' title="bbox 1042 2874 1189 2930; baseline -0.02 0"><span class='ocrx_word' id='word_1_234' title='bbox 1042 2874 1189 2930; x_wconf 80' lang='lat' dir='ltr'>Aminedeb</span> 
     </span>
     <span class='ocr_line' id='line_1_30' title="bbox 1041 2959 1162 3015; baseline 0 -1"><span class='ocrx_word' id='word_1_235' title='bbox 1041 2959 1162 3015; x_wconf 68' lang='lat' dir='ltr'>Nasson</span> 
     </span>
    </p>
   </div>
   <div class='ocr_carea' id='block_1_5' title="bbox 333 3079 1502 4697">
    <p class='ocr_par' dir='ltr' id='par_1_11' title="bbox 333 3079 1498 3928">
     <span class='ocr_line' id='line_1_31' title="bbox 401 3079 1495 3154; baseline -0.005 -17"><span class='ocrx_word' id='word_1_236' title='bbox 401 3081 551 3154; x_wconf 70' lang='lat' dir='ltr'>Aegyptum</span> <span class='ocrx_word' id='word_1_237' title='bbox 565 3083 700 3154; x_wconf 71' lang='lat' dir='ltr'>ingram:</span> <span class='ocrx_word' id='word_1_238' title='bbox 718 3087 759 3137; x_wconf 91' lang='lat' dir='ltr'>est</span> <span class='ocrx_word' id='word_1_239' title='bbox 774 3081 865 3147; x_wconf 84' lang='lat' dir='ltr'>Isocb,</span> <span class='ocrx_word' id='word_1_240' title='bbox 882 3097 944 3136; x_wconf 92' lang='lat' dir='ltr'>cum</span> <span class='ocrx_word' id='word_1_241' title='bbox 958 3079 1012 3136; x_wconf 85' lang='lat' dir='ltr'>iem</span> <span class='ocrx_word' id='word_1_242' title='bbox 1023 3079 1105 3135; x_wconf 77' lang='lat' dir='ltr'>cnm</span> <span class='ocrx_word' id='word_1_243' title='bbox 1122 3085 1244 3152; x_wconf 85' lang='lat' dir='ltr'>nepotem</span> <span class='ocrx_word' id='word_1_244' title='bbox 1255 3096 1291 3134; x_wconf 86' lang='lat' dir='ltr'>ex</span> <span class='ocrx_word' id='word_1_245' title='bbox 1300 3079 1368 3137; x_wconf 74' lang='lat' dir='ltr'>Levi</span> <span class='ocrx_word' id='word_1_246' title='bbox 1378 3079 1434 3136; x_wconf 84' lang='lat' dir='ltr'>tilio</span> <span class='ocrx_word' id='word_1_247' title='bbox 1445 3095 1495 3133; x_wconf 84' lang='lat' dir='ltr'>sus·</span> 
     </span>
     <span class='ocr_line' id='line_1_32' title="bbox 334 3165 1494 3241; baseline -0.003 -19"><span class='ocrx_word' id='word_1_248' title='bbox 334 3169 451 3241; x_wconf 86' lang='lat' dir='ltr'>cepisset.</span> <span class='ocrx_word' id='word_1_249' title='bbox 480 3168 654 3232; x_wconf 69' lang='lat' dir='ltr'>Quamobrem</span> <span class='ocrx_word' id='word_1_250' title='bbox 670 3169 743 3240; x_wconf 83' lang='lat' dir='ltr'>prius</span> <span class='ocrx_word' id='word_1_251' title='bbox 757 3166 822 3222; x_wconf 82' lang='lat' dir='ltr'>iilud</span> <span class='ocrx_word' id='word_1_252' title='bbox 836 3167 933 3222; x_wconf 83' lang='lat' dir='ltr'>islsurn</span> <span class='ocrx_word' id='word_1_253' title='bbox 949 3171 1001 3233; x_wconf 90' lang='lat' dir='ltr'>est,</span> <span class='ocrx_word' id='word_1_254' title='bbox 1019 3166 1088 3219; x_wconf 77' lang='lat' dir='ltr'>uter:</span> <span class='ocrx_word' id='word_1_255' title='bbox 1105 3165 1188 3235; x_wconf 76' lang='grc' dir='ltr'>γενέιις</span> <span class='ocrx_word' id='word_1_256' title='bbox 1204 3167 1233 3220; x_wconf 89' lang='lat' dir='ltr'>in</span> <span class='ocrx_word' id='word_1_257' title='bbox 1247 3165 1371 3238; x_wconf 74' lang='lat' dir='ltr'>Aegypto</span> <span class='ocrx_word' id='word_1_258' title='bbox 1389 3181 1494 3220; x_wconf 85' lang='lat' dir='ltr'>commo·</span> 
     </span>
     <span class='ocr_line' id='line_1_33' title="bbox 334 3250 1495 3326; baseline -0.004 -19"><span class='ocrx_word' id='word_1_259' title='bbox 334 3259 405 3310; x_wconf 80' lang='lat' dir='ltr'>ustos</span> <span class='ocrx_word' id='word_1_260' title='bbox 422 3253 523 3309; x_wconf 82' lang='lat' dir='ltr'>isrseiie</span> <span class='ocrx_word' id='word_1_261' title='bbox 540 3259 671 3326; x_wconf 86' lang='lat' dir='ltr'>posteros,</span> <span class='ocrx_word' id='word_1_262' title='bbox 687 3270 748 3308; x_wconf 86' lang='lat' dir='ltr'>cum</span> <span class='ocrx_word' id='word_1_263' title='bbox 765 3253 832 3308; x_wconf 82' lang='lat' dir='ltr'>duee</span> <span class='ocrx_word' id='word_1_264' title='bbox 849 3258 895 3306; x_wconf 87' lang='lat' dir='ltr'>eut</span> <span class='ocrx_word' id='word_1_265' title='bbox 907 3252 941 3306; x_wconf 84' lang='lat' dir='ltr'>sd</span> <span class='ocrx_word' id='word_1_266' title='bbox 951 3268 1085 3307; x_wconf 86' lang='lat' dir='ltr'>summum</span> <span class='ocrx_word' id='word_1_267' title='bbox 1096 3257 1149 3306; x_wconf 80' lang='lat' dir='ltr'>tres</span> <span class='ocrx_word' id='word_1_268' title='bbox 1160 3250 1288 3306; x_wconf 66' lang='lat' dir='ltr'>dunmxet</span> <span class='ocrx_word' id='word_1_269' title='bbox 1298 3251 1495 3307; x_wconf 85' lang='lat' dir='ltr'>intercesserint</span> 
     </span>
     <span class='ocr_line' id='line_1_34' title="bbox 333 3336 1495 3412; baseline -0.003 -18"><span class='ocrx_word' id='word_1_270' title='bbox 333 3339 477 3406; x_wconf 75' lang='lat' dir='ltr'>Posterius,</span> <span class='ocrx_word' id='word_1_271' title='bbox 495 3339 565 3412; x_wconf 88' lang='lat' dir='ltr'>quod</span> <span class='ocrx_word' id='word_1_272' title='bbox 581 3341 619 3394; x_wconf 85' lang='lat' dir='ltr'>eit</span> <span class='ocrx_word' id='word_1_273' title='bbox 633 3340 726 3411; x_wconf 78' lang='lat' dir='ltr'>quinte</span> <span class='ocrx_word' id='word_1_274' title='bbox 742 3343 813 3410; x_wconf 72' lang='grc' dir='ltr'>γενεᾷ</span> <span class='ocrx_word' id='word_1_275' title='bbox 823 3339 962 3394; x_wconf 85' lang='lat' dir='ltr'>iiberstnm</span> <span class='ocrx_word' id='word_1_276' title='bbox 974 3355 1032 3394; x_wconf 92' lang='lat' dir='ltr'>esse</span> <span class='ocrx_word' id='word_1_277' title='bbox 1043 3339 1182 3409; x_wconf 87' lang='lat' dir='ltr'>populum,</span> <span class='ocrx_word' id='word_1_278' title='bbox 1199 3336 1340 3392; x_wconf 76' lang='lat' dir='ltr'>commode</span> <span class='ocrx_word' id='word_1_279' title='bbox 1351 3338 1495 3409; x_wconf 81' lang='lat' dir='ltr'>interprete·</span> 
     </span>
     <span class='ocr_line' id='line_1_35' title="bbox 334 3421 1496 3497; baseline -0.003 -17"><span class='ocrx_word' id='word_1_280' title='bbox 334 3427 405 3480; x_wconf 89' lang='lat' dir='ltr'>tione</span> <span class='ocrx_word' id='word_1_281' title='bbox 419 3426 458 3480; x_wconf 87' lang='lat' dir='ltr'>sic</span> <span class='ocrx_word' id='word_1_282' title='bbox 469 3424 645 3481; x_wconf 70' lang='lat' dir='ltr'>adinventum</span> <span class='ocrx_word' id='word_1_283' title='bbox 656 3429 709 3490; x_wconf 89' lang='lat' dir='ltr'>est,</span> <span class='ocrx_word' id='word_1_284' title='bbox 727 3430 757 3478; x_wconf 91' lang='lat' dir='ltr'>ut</span> <span class='ocrx_word' id='word_1_285' title='bbox 773 3425 894 3497; x_wconf 86' lang='lat' dir='ltr'>quintum</span> <span class='ocrx_word' id='word_1_286' title='bbox 908 3429 987 3495; x_wconf 84' lang='lat' dir='ltr'>ceput</span> <span class='ocrx_word' id='word_1_287' title='bbox 997 3440 1043 3496; x_wconf 87' lang='lat' dir='ltr'>per</span> <span class='ocrx_word' id='word_1_288' title='bbox 1054 3421 1138 3492; x_wconf 72' lang='grc' dir='ltr'>γινέιιν</span> <span class='ocrx_word' id='word_1_289' title='bbox 1148 3423 1287 3494; x_wconf 79' lang='lat' dir='ltr'>intelliget.</span> <span class='ocrx_word' id='word_1_290' title='bbox 1317 3422 1390 3478; x_wconf 78' lang='lat' dir='ltr'>Num</span> <span class='ocrx_word' id='word_1_291' title='bbox 1400 3425 1496 3494; x_wconf 70' lang='lat' dir='ltr'>scope</span> 
     </span>
     <span class='ocr_line' id='line_1_36' title="bbox 334 3507 1496 3582; baseline -0.004 -16"><span class='ocrx_word' id='word_1_292' title='bbox 334 3511 456 3567; x_wconf 86' lang='lat' dir='ltr'>elscobo</span> <span class='ocrx_word' id='word_1_293' title='bbox 469 3511 575 3582; x_wconf 85' lang='lat' dir='ltr'>quintus</span> <span class='ocrx_word' id='word_1_294' title='bbox 592 3517 639 3566; x_wconf 88' lang='lat' dir='ltr'>est.</span> <span class='ocrx_word' id='word_1_295' title='bbox 668 3510 797 3567; x_wconf 80' lang='lat' dir='ltr'>Neutrum</span> <span class='ocrx_word' id='word_1_296' title='bbox 807 3511 835 3566; x_wconf 91' lang='lat' dir='ltr'>in</span> <span class='ocrx_word' id='word_1_297' title='bbox 847 3511 927 3582; x_wconf 87' lang='lat' dir='ltr'>stirpe</span> <span class='ocrx_word' id='word_1_298' title='bbox 938 3509 1018 3564; x_wconf 84' lang='lat' dir='ltr'>Indue</span> <span class='ocrx_word' id='word_1_299' title='bbox 1028 3507 1168 3580; x_wconf 74' lang='lat' dir='ltr'>procedere</span> <span class='ocrx_word' id='word_1_300' title='bbox 1179 3513 1274 3580; x_wconf 82' lang='lat' dir='ltr'>potest</span> <span class='ocrx_word' id='word_1_301' title='bbox 1302 3507 1442 3582; x_wconf 78' lang='lat' dir='ltr'>Siquidem</span> <span class='ocrx_word' id='word_1_302' title='bbox 1452 3507 1496 3563; x_wconf 79' lang='lat' dir='ltr'>Ne·</span> 
     </span>
     <span class='ocr_line' id='line_1_37' title="bbox 334 3592 1497 3668; baseline 0 -15"><span class='ocrx_word' id='word_1_303' title='bbox 334 3614 415 3653; x_wconf 82' lang='lat' dir='ltr'>escon</span> <span class='ocrx_word' id='word_1_304' title='bbox 426 3613 443 3652; x_wconf 84' lang='lat' dir='ltr'>s</span> <span class='ocrx_word' id='word_1_305' title='bbox 453 3595 548 3652; x_wconf 89' lang='lat' dir='ltr'>Ieeobo</span> <span class='ocrx_word' id='word_1_306' title='bbox 560 3597 687 3668; x_wconf 86' lang='lat' dir='ltr'>septimus</span> <span class='ocrx_word' id='word_1_307' title='bbox 699 3603 747 3653; x_wconf 86' lang='lat' dir='ltr'>est.</span> <span class='ocrx_word' id='word_1_308' title='bbox 776 3597 846 3668; x_wconf 70' lang='lat' dir='ltr'>Ersso</span> <span class='ocrx_word' id='word_1_309' title='bbox 860 3597 899 3650; x_wconf 85' lang='lat' dir='ltr'>its</span> <span class='ocrx_word' id='word_1_310' title='bbox 911 3596 999 3652; x_wconf 86' lang='lat' dir='ltr'>locum</span> <span class='ocrx_word' id='word_1_311' title='bbox 1009 3592 1148 3666; x_wconf 81' lang='lat' dir='ltr'>Epiphsnli</span> <span class='ocrx_word' id='word_1_312' title='bbox 1159 3594 1351 3664; x_wconf 75' lang='lat' dir='ltr'>concipiemus:</span> <span class='ocrx_word' id='word_1_313' title='bbox 1369 3593 1395 3648; x_wconf 77' lang='lat' dir='ltr'>u</span> <span class='ocrx_word' id='word_1_314' title='bbox 1407 3595 1497 3668; x_wconf 62' lang='grc' dir='ltr'>χρόνον</span> 
     </span>
     <span class='ocr_line' id='line_1_38' title="bbox 334 3676 1498 3753; baseline -0.001 -16"><span class='ocrx_word' id='word_1_315' title='bbox 334 3683 461 3743; x_wconf 63' lang='lat' dir='ltr'>Heiutus</span> <span class='ocrx_word' id='word_1_316' title='bbox 473 3683 513 3735; x_wconf 80' lang='lat' dir='ltr'>:tui</span> <span class='ocrx_word' id='word_1_317' title='bbox 524 3681 654 3736; x_wconf 78' lang='grc' dir='ltr'>Ναασσών·</span> <span class='ocrx_word' id='word_1_318' title='bbox 673 3683 771 3753; x_wconf 65' lang='grc' dir='ltr'>πέμπῃ</span> <span class='ocrx_word' id='word_1_319' title='bbox 783 3678 982 3753; x_wconf 62' lang='lat' dir='ltr'>presumitis</span> <span class='ocrx_word' id='word_1_320' title='bbox 994 3679 1050 3734; x_wconf 71' lang='grc' dir='ltr'>Λευὶ</span> <span class='ocrx_word' id='word_1_321' title='bbox 1061 3676 1145 3742; x_wconf 73' lang='grc' dir='ltr'>ἔξεισιν</span> <span class='ocrx_word' id='word_1_322' title='bbox 1156 3686 1206 3736; x_wconf 88' lang='lat' dir='ltr'>etc.</span> <span class='ocrx_word' id='word_1_323' title='bbox 1232 3681 1328 3742; x_wconf 80' lang='lat' dir='ltr'>Quieto</span> <span class='ocrx_word' id='word_1_324' title='bbox 1338 3685 1498 3750; x_wconf 58' lang='lat' dir='ltr'>pennosos:</span> 
     </span>
     <span class='ocr_line' id='line_1_39' title="bbox 334 3765 1497 3837; baseline -0.001 -14"><span class='ocrx_word' id='word_1_325' title='bbox 334 3772 462 3823; x_wconf 69' lang='grc' dir='ltr'>ἀνοισιιιιι</span> <span class='ocrx_word' id='word_1_326' title='bbox 471 3772 499 3821; x_wconf 79' lang='lat' dir='ltr'>io</span> <span class='ocrx_word' id='word_1_327' title='bbox 510 3771 576 3822; x_wconf 74' lang='lat' dir='ltr'>serie</span> <span class='ocrx_word' id='word_1_328' title='bbox 587 3767 660 3825; x_wconf 76' lang='lat' dir='ltr'>Levi.</span> <span class='ocrx_word' id='word_1_329' title='bbox 684 3768 759 3832; x_wconf 77' lang='lat' dir='ltr'>Quod</span> <span class='ocrx_word' id='word_1_330' title='bbox 770 3766 944 3822; x_wconf 71' lang='lat' dir='ltr'>:suendum</span> <span class='ocrx_word' id='word_1_331' title='bbox 954 3766 1013 3821; x_wconf 86' lang='lat' dir='ltr'>ideo</span> <span class='ocrx_word' id='word_1_332' title='bbox 1024 3766 1087 3831; x_wconf 83' lang='lat' dir='ltr'>init,</span> <span class='ocrx_word' id='word_1_333' title='bbox 1099 3767 1162 3837; x_wconf 87' lang='lat' dir='ltr'>quis</span> <span class='ocrx_word' id='word_1_334' title='bbox 1172 3765 1264 3822; x_wconf 80' lang='lat' dir='ltr'>embse</span> <span class='ocrx_word' id='word_1_335' title='bbox 1274 3766 1344 3820; x_wconf 86' lang='lat' dir='ltr'>inter</span> <span class='ocrx_word' id='word_1_336' title='bbox 1352 3783 1384 3820; x_wconf 90' lang='lat' dir='ltr'>se</span> <span class='ocrx_word' id='word_1_337' title='bbox 1392 3765 1497 3822; x_wconf 58' lang='lat' dir='ltr'>&amp;milies</span> 
     </span>
     <span class='ocr_line' id='line_1_40' title="bbox 333 3851 1341 3928; baseline -0.003 -19"><span class='ocrx_word' id='word_1_338' title='bbox 333 3853 527 3928; x_wconf 72' lang='lat' dir='ltr'>permiscerent.</span> <span class='ocrx_word' id='word_1_339' title='bbox 556 3851 597 3908; x_wconf 78' lang='lat' dir='ltr'>Ad</span> <span class='ocrx_word' id='word_1_340' title='bbox 608 3869 721 3924; x_wconf 85' lang='lat' dir='ltr'>eumque</span> <span class='ocrx_word' id='word_1_341' title='bbox 731 3853 840 3908; x_wconf 82' lang='lat' dir='ltr'>modun:</span> <span class='ocrx_word' id='word_1_342' title='bbox 850 3853 1003 3924; x_wconf 76' lang='lat' dir='ltr'>corrigentis</span> <span class='ocrx_word' id='word_1_343' title='bbox 1013 3857 1040 3906; x_wconf 91' lang='lat' dir='ltr'>et</span> <span class='ocrx_word' id='word_1_344' title='bbox 1050 3851 1231 3924; x_wconf 72' lang='lat' dir='ltr'>interpretatio</span> <span class='ocrx_word' id='word_1_345' title='bbox 1242 3857 1341 3906; x_wconf 81' lang='lat' dir='ltr'>nostre.</span> 
     </span>
    </p>

    <p class='ocr_par' dir='ltr' id='par_1_12' title="bbox 333 3935 1501 4182">
     <span class='ocr_line' id='line_1_41' title="bbox 401 3935 1499 4010; baseline -0.005 -16"><span class='ocrx_word' id='word_1_346' title='bbox 401 3940 458 3994; x_wconf 83' lang='lat' dir='ltr'>Huc</span> <span class='ocrx_word' id='word_1_347' title='bbox 473 3939 520 3995; x_wconf 85' lang='lat' dir='ltr'>ill:</span> <span class='ocrx_word' id='word_1_348' title='bbox 535 3939 643 3994; x_wconf 90' lang='lat' dir='ltr'>celebris</span> <span class='ocrx_word' id='word_1_349' title='bbox 658 3943 685 3993; x_wconf 87' lang='lat' dir='ltr'>et</span> <span class='ocrx_word' id='word_1_350' title='bbox 700 3957 717 3993; x_wconf 85' lang='lat' dir='ltr'>s</span> <span class='ocrx_word' id='word_1_351' title='bbox 734 3938 900 4010; x_wconf 82' lang='lat' dir='ltr'>chronologis</span> <span class='ocrx_word' id='word_1_352' title='bbox 917 3941 1014 3992; x_wconf 79' lang='lat' dir='ltr'>rexsts</span> <span class='ocrx_word' id='word_1_353' title='bbox 1030 3937 1149 4008; x_wconf 86' lang='lat' dir='ltr'>queestio</span> <span class='ocrx_word' id='word_1_354' title='bbox 1160 3937 1285 4008; x_wconf 82' lang='lat' dir='ltr'>pertinet:</span> <span class='ocrx_word' id='word_1_355' title='bbox 1304 3942 1373 4008; x_wconf 88' lang='lat' dir='ltr'>quot</span> <span class='ocrx_word' id='word_1_356' title='bbox 1382 3953 1464 3992; x_wconf 72' lang='lat' dir='ltr'>nuos</span> <span class='ocrx_word' id='word_1_357' title='bbox 1473 3935 1499 3989; x_wconf 86' lang='lat' dir='ltr'>iu</span> 
     </span>
     <span class='ocr_line' id='line_1_42' title="bbox 333 4021 1501 4096; baseline -0.006 -16"><span class='ocrx_word' id='word_1_358' title='bbox 333 4028 455 4096; x_wconf 75' lang='lat' dir='ltr'>Aegypto</span> <span class='ocrx_word' id='word_1_359' title='bbox 470 4025 603 4080; x_wconf 72' lang='lat' dir='ltr'>israelites</span> <span class='ocrx_word' id='word_1_360' title='bbox 618 4025 822 4095; x_wconf 73' lang='lat' dir='ltr'>permenserunt:</span> <span class='ocrx_word' id='word_1_361' title='bbox 845 4041 925 4095; x_wconf 83' lang='lat' dir='ltr'>quem</span> <span class='ocrx_word' id='word_1_362' title='bbox 938 4041 973 4078; x_wconf 90' lang='lat' dir='ltr'>ne</span> <span class='ocrx_word' id='word_1_363' title='bbox 989 4023 1119 4094; x_wconf 77' lang='lat' dir='ltr'>eitingen</span> <span class='ocrx_word' id='word_1_364' title='bbox 1133 4021 1183 4077; x_wconf 88' lang='lat' dir='ltr'>boo</span> <span class='ocrx_word' id='word_1_365' title='bbox 1200 4023 1272 4088; x_wconf 90' lang='lat' dir='ltr'>loco,</span> <span class='ocrx_word' id='word_1_366' title='bbox 1289 4039 1352 4078; x_wconf 84' lang='lat' dir='ltr'>cum</span> <span class='ocrx_word' id='word_1_367' title='bbox 1368 4037 1501 4088; x_wconf 81' lang='lat' dir='ltr'>eursm,s</span> 
     </span>
     <span class='ocr_line' id='line_1_43' title="bbox 335 4107 1482 4182; baseline -0.004 -16"><span class='ocrx_word' id='word_1_368' title='bbox 335 4112 431 4182; x_wconf 87' lang='lat' dir='ltr'>quibus</span> <span class='ocrx_word' id='word_1_369' title='bbox 443 4116 484 4165; x_wconf 88' lang='lat' dir='ltr'>eet</span> <span class='ocrx_word' id='word_1_370' title='bbox 493 4116 605 4166; x_wconf 73' lang='lat' dir='ltr'>trseute</span> <span class='ocrx_word' id='word_1_371' title='bbox 616 4110 752 4181; x_wconf 81' lang='lat' dir='ltr'>diligentie</span> <span class='ocrx_word' id='word_1_372' title='bbox 763 4115 790 4164; x_wconf 91' lang='lat' dir='ltr'>et</span> <span class='ocrx_word' id='word_1_373' title='bbox 800 4110 888 4180; x_wconf 82' lang='lat' dir='ltr'>copie,</span> <span class='ocrx_word' id='word_1_374' title='bbox 899 4115 955 4163; x_wconf 92' lang='lat' dir='ltr'>tum</span> <span class='ocrx_word' id='word_1_375' title='bbox 967 4108 1087 4164; x_wconf 80' lang='lat' dir='ltr'>institute</span> <span class='ocrx_word' id='word_1_376' title='bbox 1097 4113 1220 4164; x_wconf 83' lang='lat' dir='ltr'>notsrum</span> <span class='ocrx_word' id='word_1_377' title='bbox 1230 4107 1345 4162; x_wconf 79' lang='lat' dir='ltr'>breuiter</span> <span class='ocrx_word' id='word_1_378' title='bbox 1357 4107 1482 4162; x_wconf 67' lang='lat' dir='ltr'>bethtur.</span> 
     </span>
    </p>

    <p class='ocr_par' dir='ltr' id='par_1_13' title="bbox 334 4191 1502 4697">
     <span class='ocr_line' id='line_1_44' title="bbox 402 4191 1501 4268; baseline 0 -20"><span class='ocrx_word' id='word_1_379' title='bbox 402 4191 453 4248; x_wconf 84' lang='grc' dir='ltr'>Ἦν</span> <span class='ocrx_word' id='word_1_380' title='bbox 465 4196 492 4249; x_wconf 77' lang='lat' dir='ltr'>bi</span> <span class='ocrx_word' id='word_1_381' title='bbox 503 4195 558 4249; x_wconf 79' lang='grc' dir='ltr'><strong>κατ’</strong></span> <span class='ocrx_word' id='word_1_382' title='bbox 571 4194 647 4250; x_wconf 71' lang='grc' dir='ltr'>ἐκεῖνο</span> <span class='ocrx_word' id='word_1_383' title='bbox 656 4198 764 4268; x_wconf 66' lang='lat' dir='ltr'>scepei]</span> <span class='ocrx_word' id='word_1_384' title='bbox 780 4195 917 4250; x_wconf 82' lang='lat' dir='ltr'>Veteribus</span> <span class='ocrx_word' id='word_1_385' title='bbox 926 4199 986 4249; x_wconf 79' lang='lat' dir='ltr'>suto</span> <span class='ocrx_word' id='word_1_386' title='bbox 992 4193 1134 4248; x_wconf 76' lang='lat' dir='ltr'>Eusebium</span> <span class='ocrx_word' id='word_1_387' title='bbox 1142 4194 1264 4248; x_wconf 85' lang='lat' dir='ltr'>omuibus</span> <span class='ocrx_word' id='word_1_388' title='bbox 1272 4193 1501 4266; x_wconf 73' lang='lat' dir='ltr'>persuasissimum</span> 
     </span>
     <span class='ocr_line' id='line_1_45' title="bbox 335 4278 1501 4354; baseline -0.003 -18"><span class='ocrx_word' id='word_1_389' title='bbox 335 4288 402 4349; x_wconf 85' lang='lat' dir='ltr'>esst,</span> <span class='ocrx_word' id='word_1_390' title='bbox 413 4283 514 4352; x_wconf 74' lang='lat' dir='ltr'>Moysis</span> <span class='ocrx_word' id='word_1_391' title='bbox 526 4283 665 4354; x_wconf 77' lang='grc' dir='ltr'>σόγχρονον</span> <span class='ocrx_word' id='word_1_392' title='bbox 676 4279 803 4336; x_wconf 81' lang='lat' dir='ltr'>Insohum</span> <span class='ocrx_word' id='word_1_393' title='bbox 813 4280 908 4347; x_wconf 82' lang='lat' dir='ltr'>iniese;</span> <span class='ocrx_word' id='word_1_394' title='bbox 925 4286 955 4336; x_wconf 91' lang='lat' dir='ltr'>ut</span> <span class='ocrx_word' id='word_1_395' title='bbox 964 4279 1087 4351; x_wconf 86' lang='lat' dir='ltr'>losepbo,</span> <span class='ocrx_word' id='word_1_396' title='bbox 1104 4278 1244 4346; x_wconf 77' lang='lat' dir='ltr'>Clementi,</span> <span class='ocrx_word' id='word_1_397' title='bbox 1255 4279 1382 4346; x_wconf 77' lang='lat' dir='ltr'>Tetisuo,</span> <span class='ocrx_word' id='word_1_398' title='bbox 1395 4279 1501 4334; x_wconf 65' lang='lat' dir='ltr'>uestem</span> 
     </span>
     <span class='ocr_line' id='line_1_46' title="bbox 335 4363 1502 4440; baseline -0.002 -18"><span class='ocrx_word' id='word_1_399' title='bbox 335 4367 455 4440; x_wconf 84' lang='lat' dir='ltr'>denique.</span> <span class='ocrx_word' id='word_1_400' title='bbox 484 4368 600 4432; x_wconf 73' lang='lat' dir='ltr'>Quorum</span> <span class='ocrx_word' id='word_1_401' title='bbox 615 4368 720 4439; x_wconf 86' lang='lat' dir='ltr'>quidem</span> <span class='ocrx_word' id='word_1_402' title='bbox 737 4383 852 4422; x_wconf 86' lang='lat' dir='ltr'>errorem</span> <span class='ocrx_word' id='word_1_403' title='bbox 866 4367 1005 4438; x_wconf 73' lang='lat' dir='ltr'>mstigeeit</span> <span class='ocrx_word' id='word_1_404' title='bbox 1019 4364 1147 4420; x_wconf 77' lang='lat' dir='ltr'>Eusebius</span> <span class='ocrx_word' id='word_1_405' title='bbox 1164 4370 1192 4419; x_wconf 92' lang='lat' dir='ltr'>et</span> <span class='ocrx_word' id='word_1_406' title='bbox 1204 4363 1330 4420; x_wconf 82' lang='lat' dir='ltr'>iuscbum</span> <span class='ocrx_word' id='word_1_407' title='bbox 1349 4373 1413 4422; x_wconf 75' lang='lat' dir='ltr'>ente</span> <span class='ocrx_word' id='word_1_408' title='bbox 1424 4365 1502 4420; x_wconf 85' lang='lat' dir='ltr'>isree-</span> 
     </span>
     <span class='ocr_line' id='line_1_47' title="bbox 334 4450 1502 4524; baseline -0.003 -16"><span class='ocrx_word' id='word_1_409' title='bbox 334 4455 440 4508; x_wconf 75' lang='lat' dir='ltr'>uterum</span> <span class='ocrx_word' id='word_1_410' title='bbox 456 4454 642 4524; x_wconf 71' lang='lat' dir='ltr'>migrationem</span> <span class='ocrx_word' id='word_1_411' title='bbox 658 4453 734 4508; x_wconf 84' lang='lat' dir='ltr'>sunis</span> <span class='ocrx_word' id='word_1_412' title='bbox 749 4453 832 4508; x_wconf 79' lang='lat' dir='ltr'>terme</span> <span class='ocrx_word' id='word_1_413' title='bbox 849 4467 966 4508; x_wconf 73' lang='lat' dir='ltr'>cccrum</span> <span class='ocrx_word' id='word_1_414' title='bbox 980 4452 1101 4506; x_wconf 82' lang='lat' dir='ltr'>extitisse</span> <span class='ocrx_word' id='word_1_415' title='bbox 1111 4451 1208 4507; x_wconf 84' lang='lat' dir='ltr'>docuit.</span> <span class='ocrx_word' id='word_1_416' title='bbox 1238 4450 1323 4517; x_wconf 82' lang='lat' dir='ltr'>Quere</span> <span class='ocrx_word' id='word_1_417' title='bbox 1333 4451 1502 4506; x_wconf 75' lang='lat' dir='ltr'>uehementer</span> 
     </span>
     <span class='ocr_line' id='line_1_48' title="bbox 335 4537 1502 4610; baseline -0.004 -16"><span class='ocrx_word' id='word_1_418' title='bbox 335 4539 426 4605; x_wconf 70' lang='lat' dir='ltr'>mbos,</span> <span class='ocrx_word' id='word_1_419' title='bbox 437 4537 624 4610; x_wconf 81' lang='lat' dir='ltr'>Epiphsnium,</span> <span class='ocrx_word' id='word_1_420' title='bbox 641 4539 686 4610; x_wconf 86' lang='lat' dir='ltr'>qui</span> <span class='ocrx_word' id='word_1_421' title='bbox 697 4538 840 4594; x_wconf 83' lang='lat' dir='ltr'>Eusebium</span> <span class='ocrx_word' id='word_1_422' title='bbox 850 4539 878 4594; x_wconf 89' lang='lat' dir='ltr'>in</span> <span class='ocrx_word' id='word_1_423' title='bbox 889 4538 1026 4604; x_wconf 89' lang='lat' dir='ltr'>omnibus,</span> <span class='ocrx_word' id='word_1_424' title='bbox 1043 4553 1110 4609; x_wconf 88' lang='lat' dir='ltr'>quse</span> <span class='ocrx_word' id='word_1_425' title='bbox 1121 4537 1156 4592; x_wconf 86' lang='lat' dir='ltr'>ed</span> <span class='ocrx_word' id='word_1_426' title='bbox 1166 4542 1311 4610; x_wconf 88' lang='lat' dir='ltr'>temporum</span> <span class='ocrx_word' id='word_1_427' title='bbox 1322 4537 1456 4592; x_wconf 79' lang='lat' dir='ltr'>ustionem</span> <span class='ocrx_word' id='word_1_428' title='bbox 1466 4541 1502 4589; x_wconf 87' lang='lat' dir='ltr'>st·</span> 
     </span>
     <span class='ocr_line' id='line_1_49' title="bbox 334 4623 1502 4697; baseline -0.002 -17"><span class='ocrx_word' id='word_1_429' title='bbox 334 4625 432 4690; x_wconf 83' lang='lat' dir='ltr'>tinent,</span> <span class='ocrx_word' id='word_1_430' title='bbox 443 4629 568 4696; x_wconf 88' lang='lat' dir='ltr'>perpetuo</span> <span class='ocrx_word' id='word_1_431' title='bbox 579 4624 708 4696; x_wconf 84' lang='lat' dir='ltr'>seqnitur,</span> <span class='ocrx_word' id='word_1_432' title='bbox 720 4625 769 4691; x_wconf 89' lang='lat' dir='ltr'>ibi,</span> <span class='ocrx_word' id='word_1_433' title='bbox 781 4624 828 4680; x_wconf 86' lang='lat' dir='ltr'>ubi</span> <span class='ocrx_word' id='word_1_434' title='bbox 837 4625 947 4680; x_wconf 86' lang='lat' dir='ltr'>minime</span> <span class='ocrx_word' id='word_1_435' title='bbox 957 4625 1084 4697; x_wconf 83' lang='lat' dir='ltr'>oportuit,</span> <span class='ocrx_word' id='word_1_436' title='bbox 1096 4625 1130 4679; x_wconf 82' lang='lat' dir='ltr'>cb</span> <span class='ocrx_word' id='word_1_437' title='bbox 1142 4624 1198 4682; x_wconf 86' lang='lat' dir='ltr'>eius</span> <span class='ocrx_word' id='word_1_438' title='bbox 1208 4624 1349 4680; x_wconf 80' lang='lat' dir='ltr'>sutoritete</span> <span class='ocrx_word' id='word_1_439' title='bbox 1361 4623 1502 4680; x_wconf 66' lang='lat' dir='ltr'>ducitisee</span> 
     </span>
    </p>
   </div>
   <div class='ocr_carea' id='block_1_6' title="bbox 0 0 1623 5152">
    <p class='ocr_par' dir='ltr' id='par_1_14' title="bbox 0 0 1623 5152">
     <span class='ocr_line' id='line_1_50' title="bbox 0 0 1623 5152; baseline 0 0"><span class='ocrx_word' id='word_1_440' title='bbox 0 0 1623 5152; x_wconf 95' lang='lat' dir='ltr'> </span> 
     </span>
    </p>
   </div>
  </div>
 </body>
</html>
