3216 5152
321 401 374 458 ΧΠ

388 553 526 628 Aiyoerrles
543 573 571 608 re
587 552 796 627 aaronem]
824 555 992 626 Longissima
1008 555 1039 610 de
1051 555 1240 626 Aegyptiorum
1256 553 1381 626 dynestlis
1397 553 1471 624 deqm

321 642 449 712 scaligeri
458 643 487 696 15
497 641 638 696 Eusebium
649 643 850 713 intemperentia
861 642 1001 713 disputatio
1012 641 1061 695 hoc
1072 642 1131 696 loco
1142 642 1244 695 institui
1254 645 1362 711 potarat„
1378 638 1440 692 11555
1449 645 1473 692 51

321 727 364 782 1515
379 743 482 798 qnoque
497 728 634 799 proleptici
649 729 773 799 temporis
790 727 1272 797 commentitiamque-dynamium
1288 724 1472 779 5515515555-

320 813 400 883 stigio
410 813 624 868 551515555115115
635 814 794 883 permiscuit.
823 811 875 866 Sed
887 813 1143 866 animaduersionum
1153 829 1202 865 nos
1214 812 1328 865 brevitas
1339 811 1418 864 libare
1427 810 1474 862 ista

320 899 411 952 1551155
426 898 550 952 admonet
563 915 650 970 neque
665 896 843 954 vehementius
860 899 894 952 ed
910 914 954 952 ees
970 899 1137 970 quaestiones
1152 899 1311 952 incumbere.
1343 895 1473 965 Dynestiaa

320 984 508 1054 Aegyptiorum
520 1001 555 1038 ex
565 983 723 1038 Manethone
734 984 871 1038 Airioanm
888 1000 968 1038 unam
980 991 1006 1038 et
1021 985 1130 1054 triginta
1145 983 1373 1047 commemorauit,
1389 981 1474 1050 qulbus

320 1083 403 1124 annos
412 1070 531 1140 assignet
537 1068 613 1123 5354.
625 1068 666 1123 Ab
674 1085 705 1123 eo
714 1069 904 1124 diversissimus
913 1075 955 1123 est
962 1069 1092 1124 Eusebius
1099 1075 1154 1122 tam
1162 1070 1190 1122 in
1199 1068 1378 1138 dynastiarnm
1386 1065 1476 1130 ordine,

319 1170 401 1225 quam
415 1155 444 1210 in
459 1170 588 1208 annornm
603 1171 715 1208 summa
748 1153 888 1226 Propterea
904 1155 992 1210 odiose
1009 1153 1141 1210 hominem
1157 1155 1301 1208 insectatur
1316 1153 1438 1222 Scaliger,
1453 1157 1477 1203 et

320 1239 486 1295 Manetlmnis
503 1239 630 1310 dynastiie
647 1239 768 1294 omnibus
790 1241 939 1311 explicetis,
956 1257 1046 1296 earnm
1063 1241 1220 1311 ceputultra
1237 1239 1328 1293 mnndi
1344 1235 1477 1308 primordie

319 1325 475 1397 longissime
485 1330 630 1396 promovet.
657 1325 732 1390 Quod
743 1325 777 1378 ad
787 1325 935 1380 tabularum
946 1326 1094 1380 institutum
1110 1329 1299 1397 opportunum,
1315 1323 1349 1378 ad
1363 1321 1476 1376 historin

320 1411 455 1466 5551151555
465 1409 643 1482 indagandam
653 1411 775 1466 frivolum
785 1427 817 1464 55
828 1410 967 1465 ridiculum
983 1417 1030 1466 551
1056 1411 1115 1466 Non
1131 1413 1201 1465 enim
1216 1409 1355 1464 mediocris
1371 1407 1477 1478 ineptiae

321 1503 374 1562 est,
389 1495 461 1550 hisee
476 1497 555 1567 nugis
571 1511 602 1550 ac
612 1496 761 1567 quisquiliis
777 1497 865 1550 locum
875 1497 903 1550 15
914 1495 1023 1551 historia
1033 1497 1254 1567 chronologiaque
1264 1496 1392 1558 tribuere,
1405 1499 1477 1562 atque

321 1581 465 1636 Eusebium
480 1587 599 1653 proterea
615 1583 733 1652 culpare,
757 1581 826 1652 quod
843 1598 859 1635 a
875 1582 1002 1638 sabulosis
1019 1583 1116 1636 deliriis
1133 1583 1267 1635 abstinens
1285 1585 1384 1634 certam
1399 1578 1478 1632 inierit

321 1669 404 1733 51555,
420 1683 474 1738 555
488 1666 553 1722 haec
565 1667 597 1720 ed
608 1666 743 1721 historiam
754 1667 969 1722 accommodaret
995 1668 1124 1732 Quoniam
1134 1667 1216 1738 igitur
1227 1665 1429 1736 Acgyptiorum,
1443 1663 1477 1715 nti

321 1751 450 1818 diximus,
466 1752 542 1808 initia
558 1753 744 1808 obscurissima
758 1758 832 1817 sunt,
846 1751 940 1806 harum
951 1753 1129 1823 dynastiarum
1140 1753 1284 1807 5551551555
1293 1758 1476 1821 temporacou·

321 1838 478 1904 sideremns,
495 1854 606 1909 quorum
621 1836 730 1893 historia
742 1839 842 1904 certior,
858 1847 889 1891 nt
900 1838 1010 1892 51155555
1021 1839 1170 1892 iebnlarnm
1180 1839 1316 1892 1555151555
1328 1834 1477 1907 quibusdam

321 1925 439 1977 terminis
451 1939 481 1977 ac
492 1924 618 1978 limitibus
630 1939 804 1980 coerceamus.
821 1923 965 1993 Cambyses
977 1941 1054 1990 anno,
1066 1930 1097 1978 nt
1106 1931 1182 1978 auter
1193 1929 1234 1977 est
1243 1922 1400 1986 Herodotus,
1409 1919 1477 1990 regni

323 2009 366 2062 sui
377 2010 469 2079 quinto
481 2009 643 2080 expugnavit
653 2010 814 2080 Aegyptum,
830 2009 910 2080 paulo
921 2015 982 2080 post
991 2010 1122 2063 Amasidis
1135 2010 1243 2064 obitum.
1268 2007 1308 2062 Ad
1320 2007 1372 2060 hoc
1381 2012 1476 2076 tempus

320 2111 370 2148 sex
385 2100 412 2148 et
422 2095 518 2164 viginti
532 2094 667 2165 dynastiae
684 2096 717 2149 ab
728 2093 850 2149 Africano
867 2100 1044 2161 numerantur,
1059 2095 1122 2148 anni
1132 2095 1207 2148 5159.
1232 2095 1272 2148 De
1284 2092 1422 2162 Cambysis
1437 2107 1477 2143 ex·

320 2179 393 2234 ordio
408 2180 520 2234 dubitari
536 2197 590 2234 non
606 2185 704 2251 potest,
720 2196 780 2234 cum
797 2185 824 2233 51
839 2196 874 2234 ex
889 2179 1007 2250 hystoria
1021 2187 1092 2234 etex
1104 2180 1284 2235 astronomicis
1296 2175 1477 2232 obseruationi-

319 2265 370 2318 bus
381 2265 450 2336 apud
459 2265 637 2320 Ptolemaeum
647 2265 819 2336 liquidissime
830 2271 939 2320 5555151
965 2265 1091 2321 Conuenit
1101 2271 1189 2319 antem
1200 2281 1268 2320 5555
1280 2281 1336 2335 per.
1347 2263 1395 2316 Iul.
1406 2260 1475 2315 4185.

320 2349 391 2420 Ergo
401 2365 485 2404 annus
497 2351 553 2404 eius
564 2351 666 2421 imperii
677 2351 804 2422 septimus
815 2351 901 2421 coepit
911 2367 980 2404 anno
992 2350 1072 2416 4189,
1084 2367 1162 2422 quem
1173 2367 1230 2404 esse
1242 2351 1384 2404 delinimus
1394 2345 1476 2402 mundi

319 2434 395 2488 3159.
411 2437 435 2488 A
446 2435 543 2490 diluvio
555 2435 589 2488 ad
599 2434 649 2490 boc
658 2441 762 2506 tempus
773 2437 835 2489 anni
847 2436 1013 2490 decurrerunt
1024 2435 1096 2502 1803,
1109 2453 1160 2507 qno
1172 2437 1257 2509 spatio
1268 2433 1426 2490 continenda
1435 2431 1475 2500 dy·

320 2520 465 2574 5551155555
480 2521 628 2586 interualla,
645 2522 739 2592 quibus
756 2521 790 2574 ab
806 2527 863 2576 ortu
875 2522 998 2576 Abraami
1014 2522 1048 2575 ed
1060 2521 1197 2592 Cambysis
1215 2522 1338 2593 quintum
1354 2519 1476 2574 Eusebius

319 2605 430 2676 imputet
440 2622 524 2660 annos
537 2605 610 2660 1491.
627 2605 680 2662 Sed
690 2607 819 2660 Abraamo
831 2611 953 2662 nascente
963 2623 1018 2662 xus.
1030 2607 1179 2677 dynastiam
1189 2606 1340 2662 inchoatam
1352 2605 1477 2666 seribit;e

320 2707 372 2761 qno
383 2689 492 2744 dissedit
501 2689 675 2762 Epiphanius,
693 2693 738 2763 qui
749 2709 817 2747 xerrr
832 2693 934 2763 posuit,
949 2697 980 2746 nt
994 2693 1086 2747 eodem
1103 2699 1233 2764 tempore,
1251 2709 1302 2764 quo
1313 2691 1477 2761 Assyriorum

318 2775 472 2832 monarchia
482 2777 580 2848 coepit,
589 2776 734 2848 Aegyptios
744 2793 870 2848 regnasse
879 2778 1035 2844 dixerimus,
1047 2795 1107 2833 cum
1118 2779 1222 2832 illorum
1233 2777 1405 2850 primordium
1416 2775 1478 2829 circe

318 2877 418 2916 annum
428 2879 447 2915 5
456 2861 552 2915 1115515
566 2861 621 2916 153.
632 2862 763 2930 inciderit,
779 2863 901 2918 detractis
914 2863 1024 2918 tetidem
1035 2865 1111 2918 55515
1122 2865 1156 2918 ab
1167 2864 1317 2928 intervallo,
1337 2861 1408 2932 quod
1418 2875 1434 2914 5
1444 2859 1477 2912 di·

318 2948 390 3002 15515
401 2947 434 3000 51
445 2948 567 3018 quintum
578 2947 716 3018 Gembyeis
727 2949 848 3019 elapsum·
856 2955 909 3019 est,
926 2951 989 3004 anni
1003 2955 1157 3020 supererunt
1170 2949 1235 3003 1650
1246 2949 1280 3002 ab
1291 2949 1478 3019 Aegyptiorum

318 3032 392 3087 initio
404 3031 436 3086 ad
448 3032 595 3103 Cambysen
607 3049 689 3104 usque
700 3039 729 3088 et
737 3033 874 3088 Persarum
885 3035 1044 3106 inAegypto
1055 3035 1232 3100 dominatum,
1248 3049 1294 3105 per
1304 3033 1421 3087 Africani
1435 3031 1477 3101 dy·

317 3119 429 3188 5551155,
441 3119 465 3172 51
474 3119 559 3184 151551,
571 3117 752 3191 dispensandi3
764 3119 834 3189 qnod
845 3121 958 3175 otiosum
969 3137 1001 3174 ao
1010 3121 1219 3192 nugacissimum
1230 3127 1278 3176 est.
1298 3119 1339 3172 Ad
1351 3133 1476 3172 summam

318 3205 365 3274 qui
375 3204 595 3274 Aegyptiaearnm
612 3205 744 3276 originum
758 3202 893 3258 historiam
908 3206 1095 3278 veritatemque
1111 3207 1236 3277 consequi
1250 3205 1350 3270 studet,
1366 3203 1476 3276 postule·

291 3321 295 3328 ·
317 3290 390 3343 111155
400 3289 460 3344 ibes
468 3289 596 3360 Scaligeri
603 3290 723 3360 periodos
735 3295 763 3344 et
773 3307 878 3345 omnem
886 3291 1064 3361 dynestismm
1072 3308 1196 3364 pompam
1204 3291 1305 3345 reliciat
1312 3305 1422 3345 5555555
1433 3293 1475 3352 est

318 3389 349 3428 ee
360 3375 437 3428 certis
448 3391 477 3429 se
488 3391 615 3430 annorum
624 3376 768 3430 15155551115
778 3375 932 3448 5151515551

386 3457 418 3513 Οἱ
425 3458 452 3512 le
461 3460 564 3513 11555155
573 3459 600 3514 δὲ
609 3461 699 3532 pisce]
717 3461 757 3515 Ex
769 3462 861 3516 eodem
872 3461 984 3517 Eusebio
994 3464 1116 3535 sumpsit
1134 3463 1187 3516 Sed
1197 3461 1247 3516 hoe
1258 3479 1352 3532 parum
1363 3461 1474 3522 fideliter,

318 3545 388 3617 qnod
398 3546 512 3618 primum
522 3545 704 3616 Sicyoniorum
714 3562 803 3617 segem
814 3547 880 3602 iecit
889 3547 1027 3620 Europam,
1039 3565 1099 3603 cnm
1112 3549 1147 3602 sit
1156 3548 1225 3619 apud
1233 3548 1378 3602 Eusebium
1390 3561 1475 3600 scenn-

317 3631 374 3684 dus.
405 3631 473 3685 Nam
483 3631 583 3702 primns
595 3637 635 3686 eet
645 3632 797 3702 Aegialeus,
813 3634 858 3704 qui
867 3635 943 3688 annis
955 3651 992 3688 nrr
1002 3635 1131 3704 regnarit
1157 3635 1223 3688 Huic
1233 3633 1334 3704 Europe
1346 3633 1476 3695 suecessit,

317 3717 392 3771 55155
403 3733 473 3770 enno
485 3733 541 3772 narr
552 3717 668 3770 nescitur
678 3718 831 3772 Abraamns.
858 3720 1075 3789 Antiquissimum
1085 3717 1136 3777 hoc
1146 3721 1174 3772 in
1185 3720 1289 3789 Europe
1299 3735 1412 3789 regnum
1423 3717 1475 3771 init.

317 3801 397 3857 (luins
408 3803 436 3856 in
452 3803 528 3858 55515
543 3803 650 3856 minime
667 3808 771 3857 autores
788 3805 960 3858 consentiunt
983 3805 1035 3860 Sed
1051 3821 1145 3876 perum
1161 3805 1302 3860 admodum
1317 3803 1374 3858 iere
1390 3819 1474 3857 omnes

317 3889 415 3942 absunt
430 3903 446 3940 5
463 3888 589 3952 millenis,
607 3894 671 3958 quot
680 3889 853 3959 Apollodorus
869 3889 939 3961 apud
953 3889 1094 3944 Eusebium
1110 3896 1236 3944 numeret
1262 3890 1347 3944 liuius
1364 3891 1440 3959 regni
1453 3888 1474 3940 ei

316 3974 420 4027 initium
431 3974 569 4043 explorare
579 3974 709 4040 volumus,
725 3974 823 4041 eadem,
835 3991 888 4046 qne
898 3991 986 4046 supra,
997 3975 1129 4041 methodo,
1144 3976 1346 4029 considerandus
1358 3973 1471 4029 55111515

245 4119 251 4131 ,
285 4121 291 4133 ⁹
315 4056 464 4113 Postremus
476 4058 659 4130 Sicyoniorum
669 4075 762 4130 regum
773 4061 924 4132 Zeuxippus
939 4061 1002 4126 init,
1019 4061 1092 4114 cuius
1109 4071 1169 4132 post
1184 4061 1285 4116 obitum
1296 4062 1474 4132 Agamemnon

315 4159 426 4214 regnum
435 4145 500 4198 illud
510 4145 618 4198 inuasit:
634 4146 672 4198 ita
687 4151 718 4198 nt
733 4145 852 4216 deinceps
864 4163 940 4217 reges
951 4147 1243 4218 5511155555111555151,
1260 4147 1306 4200 sed
1317 4146 1473 4200 sacerdotes:

316 4230 422 4283 temetsi
431 4235 493 4301 post
502 4230 668 4301 Zeuxippum
678 4229 819 4285 Pausanias
829 4231 999 4303 Hippolytum
1010 4247 1134 4302 regnasse
1143 4233 1250 4298 scribit,
1266 4248 1318 4302 quo
1333 4233 1474 4301 imperante

317 4313 448 4384 Sicyoniis
458 4317 556 4385 potitus
567 4322 608 4370 ost
618 4317 808 4386 Agamemnon.
824 4317 913 4371 Addit
929 4324 956 4372 et
965 4317 1136 4371 Lacestadem
1151 4333 1254 4389 regem,
1268 4319 1382 4387 subque
1399 4315 1472 4368 allo·

317 4399 445 4454 rieneibus
457 4399 573 4471 Sicyonii
583 4402 686 4456 subacti
696 4408 765 4457 eunt.
791 4401 901 4456 (lenstat
914 4403 994 4474 igitur
1009 4403 1196 4474 propemodum
1213 4405 1261 4458 sub
1273 4403 1414 4456 ’15515555
1431 4417 1473 4454 en·

316 4483 413 4538 5111555
424 4485 605 4556 Sicyoniorum
620 4487 727 4542 desiisse
741 4503 861 4558 regnum
887 4489 1001 4560 Tempus
1017 4487 1135 4549 ἆλώσεως
1146 4488 1273 4543 Troianae
1291 4503 1375 4541 annus
1392 4494 1432 4540 est
1446 4487 1472 4538 in

315 4585 369 4641 per.
380 4569 428 4625 151.
438 4570 522 4637 3230,
533 4571 716 4639 5555119800,
727 4580 788 4644 post
797 4573 924 4628 dilnvium
934 4575 1006 4627 1144.
1025 4573 1109 4637 Quare
1121 4591 1182 4628 cum
1190 4575 1371 4645 Agamemnon
1383 4591 1418 4626 xv
1429 4587 1473 4624 an·

314 4673 364 4710 nos
376 4659 533 4726 regnaverit,
550 4675 584 4711 ex
596 4659 690 4728 quibus
701 4676 720 4713 5
730 4659 857 4715 Troianae
869 4659 998 4714 obsidioni
1008 4659 1162 4730 decerpendi
1172 4666 1247 4726 sunt,
1259 4661 1371 4730 quinque
1382 4657 1472 4730 priscis
