<?xml version="1.0" encoding="UTF-8"?>
<!DOCTYPE html PUBLIC "-//W3C//DTD XHTML 1.0 Transitional//EN"
    "http://www.w3.org/TR/xhtml1/DTD/xhtml1-transitional.dtd">
<html xmlns="http://www.w3.org/1999/xhtml" xml:lang="en" lang="en">
 <head>
  <title>
</title>
<meta http-equiv="Content-Type" content="text/html;charset=utf-8" />
  <meta name='ocr-system' content='tesseract 3.04.00' />
  <meta name='ocr-capabilities' content='ocr_page ocr_carea ocr_par ocr_line ocrx_word'/>
</head>
<body>
  <div class='ocr_page' id='page_1' title='image "./corporishaerese03unkngoog_0151.png"; bbox 0 0 3216 5152; ppageno 0'>
   <div class='ocr_carea' id='block_1_1' title="bbox 311 351 425 412">
    <p class='ocr_par' dir='ltr' id='par_1_1' title="bbox 311 351 425 412">
     <span class='ocr_line' id='line_1_1' title="bbox 311 351 425 412; baseline 0 0"><span class='ocrx_word' id='word_1_1' title='bbox 311 351 425 412; x_wconf 78' lang='lat' dir='ltr'>mm</span> 
     </span>
    </p>
   </div>
   <div class='ocr_carea' id='block_1_2' title="bbox 313 507 1467 838">
    <p class='ocr_par' dir='ltr' id='par_1_2' title="bbox 313 507 1467 838">
     <span class='ocr_line' id='line_1_2' title="bbox 313 507 1464 582; baseline 0.003 -18"><span class='ocrx_word' id='word_1_2' title='bbox 313 511 425 575; x_wconf 86' lang='lat' dir='ltr'>Quinam</span> <span class='ocrx_word' id='word_1_3' title='bbox 440 509 521 580; x_wconf 81' lang='lat' dir='ltr'>igitur</span> <span class='ocrx_word' id='word_1_4' title='bbox 538 507 584 564; x_wconf 89' lang='lat' dir='ltr'>aiii</span> <span class='ocrx_word' id='word_1_5' title='bbox 600 524 657 563; x_wconf 88' lang='lat' dir='ltr'>esse</span> <span class='ocrx_word' id='word_1_6' title='bbox 674 515 785 580; x_wconf 90' lang='lat' dir='ltr'>possunt</span> <span class='ocrx_word' id='word_1_7' title='bbox 796 523 875 580; x_wconf 88' lang='lat' dir='ltr'>qoam</span> <span class='ocrx_word' id='word_1_8' title='bbox 886 509 964 581; x_wconf 85' lang='lat' dir='ltr'>Legis</span> <span class='ocrx_word' id='word_1_9' title='bbox 975 511 1127 582; x_wconf 88' lang='lat' dir='ltr'>interpretes</span> <span class='ocrx_word' id='word_1_10' title='bbox 1139 516 1166 564; x_wconf 91' lang='lat' dir='ltr'>et</span> <span class='ocrx_word' id='word_1_11' title='bbox 1176 509 1312 565; x_wconf 74' lang='lat' dir='ltr'>doctores?</span> <span class='ocrx_word' id='word_1_12' title='bbox 1333 509 1464 568; x_wconf 75' lang='lat' dir='ltr'>Gertsm</span> 
     </span>
     <span class='ocr_line' id='line_1_3' title="bbox 313 595 1466 668; baseline 0.001 -17"><span class='ocrx_word' id='word_1_13' title='bbox 313 597 352 651; x_wconf 92' lang='lat' dir='ltr'>iiii</span> <span class='ocrx_word' id='word_1_14' title='bbox 363 595 531 668; x_wconf 76' lang='lat' dir='ltr'>pragmatici,</span> <span class='ocrx_word' id='word_1_15' title='bbox 547 600 593 648; x_wconf 86' lang='lat' dir='ltr'>sut</span> <span class='ocrx_word' id='word_1_16' title='bbox 608 595 765 661; x_wconf 86' lang='lat' dir='ltr'>iormuiarii,</span> <span class='ocrx_word' id='word_1_17' title='bbox 783 596 837 649; x_wconf 81' lang='lat' dir='ltr'>sire</span> <span class='ocrx_word' id='word_1_18' title='bbox 852 597 961 652; x_wconf 87' lang='lat' dir='ltr'>actuarii</span> <span class='ocrx_word' id='word_1_19' title='bbox 976 596 1093 650; x_wconf 84' lang='lat' dir='ltr'>inerunt:</span> <span class='ocrx_word' id='word_1_20' title='bbox 1111 613 1178 668; x_wconf 92' lang='lat' dir='ltr'>quos</span> <span class='ocrx_word' id='word_1_21' title='bbox 1188 613 1265 650; x_wconf 91' lang='lat' dir='ltr'>nemo</span> <span class='ocrx_word' id='word_1_22' title='bbox 1277 597 1309 650; x_wconf 92' lang='lat' dir='ltr'>de</span> <span class='ocrx_word' id='word_1_23' title='bbox 1320 613 1347 650; x_wconf 91' lang='lat' dir='ltr'>re</span> <span class='ocrx_word' id='word_1_24' title='bbox 1358 603 1428 651; x_wconf 91' lang='lat' dir='ltr'>tanta</span> <span class='ocrx_word' id='word_1_25' title='bbox 1438 615 1466 652; x_wconf 87' lang='lat' dir='ltr'>ac</span> 
     </span>
     <span class='ocr_line' id='line_1_4' title="bbox 313 681 1465 753; baseline 0 -17"><span class='ocrx_word' id='word_1_26' title='bbox 313 689 366 736; x_wconf 72' lang='lat' dir='ltr'>mm</span> <span class='ocrx_word' id='word_1_27' title='bbox 382 681 514 736; x_wconf 86' lang='lat' dir='ltr'>recondita</span> <span class='ocrx_word' id='word_1_28' title='bbox 525 683 683 746; x_wconf 76' lang='lat' dir='ltr'>consuleret,</span> <span class='ocrx_word' id='word_1_29' title='bbox 700 681 732 734; x_wconf 91' lang='lat' dir='ltr'>ad</span> <span class='ocrx_word' id='word_1_30' title='bbox 749 697 828 752; x_wconf 88' lang='lat' dir='ltr'>quam</span> <span class='ocrx_word' id='word_1_31' title='bbox 842 682 940 736; x_wconf 88' lang='lat' dir='ltr'>scilicet</span> <span class='ocrx_word' id='word_1_32' title='bbox 953 681 1149 752; x_wconf 84' lang='lat' dir='ltr'>intelligendam</span> <span class='ocrx_word' id='word_1_33' title='bbox 1165 682 1407 753; x_wconf 63' lang='lat' dir='ltr'><strong>disceptandumque</strong></span> <span class='ocrx_word' id='word_1_34' title='bbox 1417 701 1465 736; x_wconf 95' lang='lat' dir='ltr'>non</span> 
     </span>
     <span class='ocr_line' id='line_1_5' title="bbox 313 766 1467 838; baseline 0.001 -16"><span class='ocrx_word' id='word_1_35' title='bbox 313 768 451 824; x_wconf 86' lang='lat' dir='ltr'>mediocris</span> <span class='ocrx_word' id='word_1_36' title='bbox 467 783 599 820; x_wconf 84' lang='lat' dir='ltr'>sacrarum</span> <span class='ocrx_word' id='word_1_37' title='bbox 614 768 747 821; x_wconf 88' lang='lat' dir='ltr'>literarum</span> <span class='ocrx_word' id='word_1_38' title='bbox 758 783 822 822; x_wconf 88' lang='lat' dir='ltr'>usus</span> <span class='ocrx_word' id='word_1_39' title='bbox 834 783 865 820; x_wconf 83' lang='lat' dir='ltr'>ao</span> <span class='ocrx_word' id='word_1_40' title='bbox 877 768 985 821; x_wconf 86' lang='lat' dir='ltr'>scientia</span> <span class='ocrx_word' id='word_1_41' title='bbox 994 768 1148 838; x_wconf 73' lang='lat' dir='ltr'>requiratur.</span> <span class='ocrx_word' id='word_1_42' title='bbox 1177 766 1252 831; x_wconf 82' lang='lat' dir='ltr'>Quod</span> <span class='ocrx_word' id='word_1_43' title='bbox 1263 767 1296 820; x_wconf 88' lang='lat' dir='ltr'>ad</span> <span class='ocrx_word' id='word_1_44' title='bbox 1306 767 1391 822; x_wconf 86' lang='lat' dir='ltr'>Lucae</span> <span class='ocrx_word' id='word_1_45' title='bbox 1400 769 1467 822; x_wconf 87' lang='lat' dir='ltr'>testi·</span> 
     </span>
    </p>
   </div>
   <div class='ocr_carea' id='block_1_3' title="bbox 196 852 1466 924">
    <p class='ocr_par' dir='ltr' id='par_1_3' title="bbox 196 852 1466 924">
     <span class='ocr_line' id='line_1_6' title="bbox 196 852 1466 924; baseline -0.002 -16"><span class='ocrx_word' id='word_1_46' title='bbox 196 867 198 872; x_wconf 84' lang='lat'>·</span> <span class='ocrx_word' id='word_1_47' title='bbox 312 855 430 908; x_wconf 89' lang='lat' dir='ltr'>monium</span> <span class='ocrx_word' id='word_1_48' title='bbox 442 853 506 906; x_wconf 89' lang='lat' dir='ltr'>iliud</span> <span class='ocrx_word' id='word_1_49' title='bbox 519 853 612 906; x_wconf 85' lang='lat' dir='ltr'>attinet</span> <span class='ocrx_word' id='word_1_50' title='bbox 622 869 678 924; x_wconf 87' lang='lat' dir='ltr'>cap.</span> <span class='ocrx_word' id='word_1_51' title='bbox 690 871 737 918; x_wconf 77' lang='lat' dir='ltr'>ru,</span> <span class='ocrx_word' id='word_1_52' title='bbox 753 854 886 924; x_wconf 82' lang='lat' dir='ltr'>singulare</span> <span class='ocrx_word' id='word_1_53' title='bbox 898 858 939 906; x_wconf 89' lang='lat' dir='ltr'>est</span> <span class='ocrx_word' id='word_1_54' title='bbox 955 853 982 906; x_wconf 94' lang='lat' dir='ltr'>in</span> <span class='ocrx_word' id='word_1_55' title='bbox 994 869 1024 906; x_wconf 92' lang='lat' dir='ltr'>eo</span> <span class='ocrx_word' id='word_1_56' title='bbox 1037 852 1161 922; x_wconf 87' lang='lat' dir='ltr'>quiddam</span> <span class='ocrx_word' id='word_1_57' title='bbox 1172 852 1203 906; x_wconf 90' lang='lat' dir='ltr'>de</span> <span class='ocrx_word' id='word_1_58' title='bbox 1215 869 1266 924; x_wconf 94' lang='lat' dir='ltr'>quo</span> <span class='ocrx_word' id='word_1_59' title='bbox 1279 853 1378 918; x_wconf 91' lang='lat' dir='ltr'>nulius,</span> <span class='ocrx_word' id='word_1_60' title='bbox 1391 869 1466 924; x_wconf 86' lang='lat' dir='ltr'>qusn-</span> 
     </span>
    </p>
   </div>
   <div class='ocr_carea' id='block_1_4' title="bbox 243 937 1475 4696">
    <p class='ocr_par' dir='ltr' id='par_1_4' title="bbox 243 937 1471 2452">
     <span class='ocr_line' id='line_1_7' title="bbox 316 937 1467 1010; baseline -0.003 -17"><span class='ocrx_word' id='word_1_61' title='bbox 316 945 372 994; x_wconf 85' lang='lat' dir='ltr'>tum</span> <span class='ocrx_word' id='word_1_62' title='bbox 390 939 455 993; x_wconf 86' lang='lat' dir='ltr'>scire</span> <span class='ocrx_word' id='word_1_63' title='bbox 471 955 588 1010; x_wconf 89' lang='lat' dir='ltr'>possum,</span> <span class='ocrx_word' id='word_1_64' title='bbox 604 939 730 1010; x_wconf 75' lang='lat' dir='ltr'>interpres</span> <span class='ocrx_word' id='word_1_65' title='bbox 748 939 889 992; x_wconf 79' lang='lat' dir='ltr'>admonuit.</span> <span class='ocrx_word' id='word_1_66' title='bbox 924 938 1028 992; x_wconf 79' lang='lat' dir='ltr'>Etenim</span> <span class='ocrx_word' id='word_1_67' title='bbox 1041 937 1139 992; x_wconf 85' lang='lat' dir='ltr'>Graece</span> <span class='ocrx_word' id='word_1_68' title='bbox 1151 939 1189 992; x_wconf 86' lang='lat' dir='ltr'>ita</span> <span class='ocrx_word' id='word_1_69' title='bbox 1204 937 1313 1006; x_wconf 82' lang='lat' dir='ltr'>legitur:</span> <span class='ocrx_word' id='word_1_70' title='bbox 1333 937 1397 990; x_wconf 78' lang='lat' dir='ltr'>Oiai</span> <span class='ocrx_word' id='word_1_71' title='bbox 1407 937 1467 1009; x_wconf 78' lang='grc' dir='ltr'>ὑμῖν,</span> 
     </span>
     <span class='ocr_line' id='line_1_8' title="bbox 314 1021 1469 1096; baseline 0 -18"><span class='ocrx_word' id='word_1_72' title='bbox 314 1021 477 1096; x_wconf 74' lang='lat' dir='ltr'>i&#39;paplpartis,</span> <span class='ocrx_word' id='word_1_73' title='bbox 491 1025 531 1077; x_wconf 80' lang='lat' dir='ltr'>sai</span> <span class='ocrx_word' id='word_1_74' title='bbox 544 1023 677 1093; x_wconf 77' lang='grc' dir='ltr'>Φαρισαῖοι</span> <span class='ocrx_word' id='word_1_75' title='bbox 689 1023 824 1094; x_wconf 79' lang='lat' dir='ltr'>baosprsai,</span> <span class='ocrx_word' id='word_1_76' title='bbox 836 1041 930 1078; x_wconf 91' lang='lat' dir='ltr'>comm.</span> <span class='ocrx_word' id='word_1_77' title='bbox 939 1023 991 1090; x_wconf 84' lang='lat'>44,</span> <span class='ocrx_word' id='word_1_78' title='bbox 1003 1023 1072 1094; x_wconf 92' lang='lat' dir='ltr'>quod</span> <span class='ocrx_word' id='word_1_79' title='bbox 1084 1030 1109 1076; x_wconf 88' lang='lat' dir='ltr'>st</span> <span class='ocrx_word' id='word_1_80' title='bbox 1120 1023 1213 1076; x_wconf 86' lang='lat' dir='ltr'>Latine</span> <span class='ocrx_word' id='word_1_81' title='bbox 1224 1023 1368 1077; x_wconf 89' lang='lat' dir='ltr'>Bibliorum</span> <span class='ocrx_word' id='word_1_82' title='bbox 1379 1023 1469 1094; x_wconf 81' lang='lat' dir='ltr'>Regio·</span> 
     </span>
     <span class='ocr_line' id='line_1_9' title="bbox 315 1108 1469 1182; baseline -0.003 -16"><span class='ocrx_word' id='word_1_83' title='bbox 315 1129 372 1166; x_wconf 89' lang='lat' dir='ltr'>rum</span> <span class='ocrx_word' id='word_1_84' title='bbox 390 1111 567 1182; x_wconf 76' lang='lat' dir='ltr'>interpretatio</span> <span class='ocrx_word' id='word_1_85' title='bbox 583 1111 683 1164; x_wconf 89' lang='lat' dir='ltr'>retinet.</span> <span class='ocrx_word' id='word_1_86' title='bbox 710 1111 744 1163; x_wconf 80' lang='lat' dir='ltr'>nt</span> <span class='ocrx_word' id='word_1_87' title='bbox 760 1111 787 1164; x_wconf 89' lang='lat' dir='ltr'>in</span> <span class='ocrx_word' id='word_1_88' title='bbox 802 1109 902 1164; x_wconf 86' lang='lat' dir='ltr'>Latinis</span> <span class='ocrx_word' id='word_1_89' title='bbox 917 1110 975 1164; x_wconf 89' lang='lat' dir='ltr'>aliis</span> <span class='ocrx_word' id='word_1_90' title='bbox 991 1108 1123 1162; x_wconf 81' lang='lat' dir='ltr'>codicibus</span> <span class='ocrx_word' id='word_1_91' title='bbox 1140 1115 1166 1162; x_wconf 90' lang='lat' dir='ltr'>et</span> <span class='ocrx_word' id='word_1_92' title='bbox 1182 1109 1251 1179; x_wconf 87' lang='lat' dir='ltr'>apud</span> <span class='ocrx_word' id='word_1_93' title='bbox 1266 1109 1431 1162; x_wconf 82' lang='lat' dir='ltr'>Ambrosium</span> <span class='ocrx_word' id='word_1_94' title='bbox 1445 1113 1469 1162; x_wconf 91' lang='lat' dir='ltr'>et</span> 
     </span>
     <span class='ocr_line' id='line_1_10' title="bbox 316 1195 1468 1267; baseline -0.003 -15"><span class='ocrx_word' id='word_1_95' title='bbox 316 1196 654 1267; x_wconf 77' lang='lat' dir='ltr'>Hieronymumitaiegitur:</span> <span class='ocrx_word' id='word_1_96' title='bbox 673 1195 727 1248; x_wconf 87' lang='lat' dir='ltr'>Vae</span> <span class='ocrx_word' id='word_1_97' title='bbox 736 1197 812 1259; x_wconf 84' lang='lat' dir='ltr'>cobis,</span> <span class='ocrx_word' id='word_1_98' title='bbox 822 1199 931 1264; x_wconf 78' lang='lat' dir='ltr'>proiectis</span> <span class='ocrx_word' id='word_1_99' title='bbox 939 1205 967 1248; x_wconf 85' lang='lat' dir='ltr'>ut</span> <span class='ocrx_word' id='word_1_100' title='bbox 975 1203 1137 1257; x_wconf 78' lang='lat' dir='ltr'>monumenta,</span> <span class='ocrx_word' id='word_1_101' title='bbox 1150 1211 1214 1263; x_wconf 82' lang='lat' dir='ltr'>quoe</span> <span class='ocrx_word' id='word_1_102' title='bbox 1223 1213 1270 1247; x_wconf 79' lang='lat' dir='ltr'>aon</span> <span class='ocrx_word' id='word_1_103' title='bbox 1280 1203 1414 1264; x_wconf 75' lang='lat' dir='ltr'>apparent,</span> <span class='ocrx_word' id='word_1_104' title='bbox 1426 1205 1468 1248; x_wconf 80' lang='lat' dir='ltr'>etc.</span> 
     </span>
     <span class='ocr_line' id='line_1_11' title="bbox 314 1279 1470 1353; baseline -0.003 -15"><span class='ocrx_word' id='word_1_105' title='bbox 314 1283 404 1353; x_wconf 85' lang='lat' dir='ltr'>Neque</span> <span class='ocrx_word' id='word_1_106' title='bbox 415 1281 542 1336; x_wconf 83' lang='lat' dir='ltr'>vocabula</span> <span class='ocrx_word' id='word_1_107' title='bbox 553 1282 604 1335; x_wconf 85' lang='lat' dir='ltr'>ista</span> <span class='ocrx_word' id='word_1_108' title='bbox 615 1281 790 1352; x_wconf 89' lang='lat' dir='ltr'>reperiuntur,</span> <span class='ocrx_word' id='word_1_109' title='bbox 801 1280 908 1334; x_wconf 77' lang='lat' dir='ltr'>Scribas</span> <span class='ocrx_word' id='word_1_110' title='bbox 920 1290 945 1334; x_wconf 86' lang='lat' dir='ltr'>st</span> <span class='ocrx_word' id='word_1_111' title='bbox 954 1280 1094 1333; x_wconf 73' lang='lat' dir='ltr'>Pharisaei</span> <span class='ocrx_word' id='word_1_112' title='bbox 1105 1281 1260 1350; x_wconf 75' lang='lat' dir='ltr'>hypocritas.</span> <span class='ocrx_word' id='word_1_113' title='bbox 1285 1279 1318 1332; x_wconf 84' lang='lat' dir='ltr'>iit</span> <span class='ocrx_word' id='word_1_114' title='bbox 1329 1287 1435 1352; x_wconf 87' lang='lat' dir='ltr'>apparet</span> <span class='ocrx_word' id='word_1_115' title='bbox 1444 1281 1470 1334; x_wconf 95' lang='lat' dir='ltr'>in</span> 
     </span>
     <span class='ocr_line' id='line_1_12' title="bbox 315 1362 1471 1445; baseline -0.003 -23"><span class='ocrx_word' id='word_1_116' title='bbox 315 1366 470 1445; x_wconf 82' lang='lat' dir='ltr'>quibusdam</span> <span class='ocrx_word' id='word_1_117' title='bbox 482 1369 544 1421; x_wconf 94' lang='lat' dir='ltr'>oiim</span> <span class='ocrx_word' id='word_1_118' title='bbox 555 1366 712 1421; x_wconf 85' lang='lat' dir='ltr'>Graecorum</span> <span class='ocrx_word' id='word_1_119' title='bbox 720 1367 852 1420; x_wconf 88' lang='lat' dir='ltr'>codicibus</span> <span class='ocrx_word' id='word_1_120' title='bbox 863 1366 908 1419; x_wconf 89' lang='lat' dir='ltr'>iiia</span> <span class='ocrx_word' id='word_1_121' title='bbox 920 1365 1040 1418; x_wconf 84' lang='lat' dir='ltr'>dsinisss.</span> <span class='ocrx_word' id='word_1_122' title='bbox 1058 1362 1129 1429; x_wconf 84' lang='lat' dir='ltr'>Quae</span> <span class='ocrx_word' id='word_1_123' title='bbox 1140 1365 1164 1418; x_wconf 90' lang='lat' dir='ltr'>si</span> <span class='ocrx_word' id='word_1_124' title='bbox 1175 1371 1370 1436; x_wconf 85' lang='lat' dir='ltr'>expungantur,</span> <span class='ocrx_word' id='word_1_125' title='bbox 1382 1367 1471 1436; x_wconf 87' lang='lat' dir='ltr'>peribit</span> 
     </span>
     <span class='ocr_line' id='line_1_13' title="bbox 315 1449 1470 1524; baseline -0.003 -17"><span class='ocrx_word' id='word_1_126' title='bbox 315 1459 498 1524; x_wconf 78' lang='lat' dir='ltr'>argumentum</span> <span class='ocrx_word' id='word_1_127' title='bbox 509 1453 585 1519; x_wconf 90' lang='lat' dir='ltr'>iilud,</span> <span class='ocrx_word' id='word_1_128' title='bbox 598 1470 649 1523; x_wconf 91' lang='lat' dir='ltr'>quo</span> <span class='ocrx_word' id='word_1_129' title='bbox 660 1451 743 1506; x_wconf 85' lang='lat' dir='ltr'>fretus</span> <span class='ocrx_word' id='word_1_130' title='bbox 752 1452 862 1506; x_wconf 91' lang='lat' dir='ltr'>Drusius</span> <span class='ocrx_word' id='word_1_131' title='bbox 873 1451 987 1520; x_wconf 73' lang='grc' dir='ltr'><strong>νομικοὺς</strong></span> <span class='ocrx_word' id='word_1_132' title='bbox 999 1466 1016 1502; x_wconf 85' lang='lat' dir='ltr'>a</span> <span class='ocrx_word' id='word_1_133' title='bbox 1027 1449 1124 1504; x_wconf 77' lang='lat' dir='ltr'>Scribis</span> <span class='ocrx_word' id='word_1_134' title='bbox 1133 1450 1294 1506; x_wconf 83' lang='lat' dir='ltr'>distinxerat</span> <span class='ocrx_word' id='word_1_135' title='bbox 1314 1449 1347 1503; x_wconf 79' lang='lat' dir='ltr'>i&#39;s</span> <span class='ocrx_word' id='word_1_136' title='bbox 1356 1452 1470 1520; x_wconf 75' lang='lat' dir='ltr'>quamtis</span> 
     </span>
     <span class='ocr_line' id='line_1_14' title="bbox 315 1535 1470 1606; baseline -0.004 -12"><span class='ocrx_word' id='word_1_137' title='bbox 315 1541 353 1594; x_wconf 88' lang='lat' dir='ltr'>ita</span> <span class='ocrx_word' id='word_1_138' title='bbox 364 1545 394 1592; x_wconf 89' lang='lat' dir='ltr'>ut</span> <span class='ocrx_word' id='word_1_139' title='bbox 405 1539 432 1594; x_wconf 93' lang='lat' dir='ltr'>in</span> <span class='ocrx_word' id='word_1_140' title='bbox 443 1537 549 1592; x_wconf 86' lang='lat' dir='ltr'>Graecis</span> <span class='ocrx_word' id='word_1_141' title='bbox 561 1544 642 1604; x_wconf 84' lang='lat' dir='ltr'>extet,</span> <span class='ocrx_word' id='word_1_142' title='bbox 653 1537 760 1590; x_wconf 82' lang='lat' dir='ltr'>Scribas</span> <span class='ocrx_word' id='word_1_143' title='bbox 772 1548 796 1590; x_wconf 85' lang='lat' dir='ltr'>st</span> <span class='ocrx_word' id='word_1_144' title='bbox 806 1537 953 1600; x_wconf 74' lang='lat' dir='ltr'>Pharisaei,</span> <span class='ocrx_word' id='word_1_145' title='bbox 965 1538 1092 1606; x_wconf 81' lang='lat' dir='ltr'>legamus,</span> <span class='ocrx_word' id='word_1_146' title='bbox 1104 1552 1156 1590; x_wconf 89' lang='lat' dir='ltr'>non</span> <span class='ocrx_word' id='word_1_147' title='bbox 1167 1535 1228 1590; x_wconf 87' lang='lat' dir='ltr'>iudo</span> <span class='ocrx_word' id='word_1_148' title='bbox 1238 1540 1326 1590; x_wconf 87' lang='lat' dir='ltr'>tamen</span> <span class='ocrx_word' id='word_1_149' title='bbox 1339 1535 1470 1590; x_wconf 55' lang='lat' dir='ltr'>&amp;odmen</span> 
     </span>
     <span class='ocr_line' id='line_1_15' title="bbox 315 1620 1470 1694; baseline -0.004 -15"><span class='ocrx_word' id='word_1_150' title='bbox 315 1625 380 1680; x_wconf 92' lang='lat' dir='ltr'>iiind</span> <span class='ocrx_word' id='word_1_151' title='bbox 392 1625 524 1679; x_wconf 78' lang='lat' dir='ltr'>evincitur.</span> <span class='ocrx_word' id='word_1_152' title='bbox 558 1622 598 1677; x_wconf 87' lang='lat' dir='ltr'>Its</span> <span class='ocrx_word' id='word_1_153' title='bbox 609 1624 678 1677; x_wconf 86' lang='lat' dir='ltr'>eninr</span> <span class='ocrx_word' id='word_1_154' title='bbox 689 1622 851 1694; x_wconf 87' lang='lat' dir='ltr'>interpretari</span> <span class='ocrx_word' id='word_1_155' title='bbox 861 1621 933 1676; x_wconf 86' lang='lat' dir='ltr'>licet:</span> <span class='ocrx_word' id='word_1_156' title='bbox 946 1637 1005 1674; x_wconf 91' lang='lat' dir='ltr'>cum</span> <span class='ocrx_word' id='word_1_157' title='bbox 1016 1620 1142 1675; x_wconf 85' lang='lat' dir='ltr'>haetenus</span> <span class='ocrx_word' id='word_1_158' title='bbox 1153 1622 1180 1674; x_wconf 92' lang='lat' dir='ltr'>in</span> <span class='ocrx_word' id='word_1_159' title='bbox 1191 1621 1262 1674; x_wconf 90' lang='lat' dir='ltr'>solos</span> <span class='ocrx_word' id='word_1_160' title='bbox 1272 1620 1425 1676; x_wconf 89' lang='lat' dir='ltr'>Pharisaeos</span> <span class='ocrx_word' id='word_1_161' title='bbox 1435 1623 1470 1674; x_wconf 93' lang='lat' dir='ltr'>in·</span> 
     </span>
     <span class='ocr_line' id='line_1_16' title="bbox 316 1705 1470 1780; baseline -0.003 -16"><span class='ocrx_word' id='word_1_162' title='bbox 316 1723 406 1765; x_wconf 83' lang='lat' dir='ltr'>uectus</span> <span class='ocrx_word' id='word_1_163' title='bbox 418 1715 499 1775; x_wconf 90' lang='lat' dir='ltr'>esset,</span> <span class='ocrx_word' id='word_1_164' title='bbox 516 1714 648 1780; x_wconf 90' lang='lat' dir='ltr'>postremo</span> <span class='ocrx_word' id='word_1_165' title='bbox 660 1725 754 1762; x_wconf 90' lang='lat' dir='ltr'>comm.</span> <span class='ocrx_word' id='word_1_166' title='bbox 766 1708 812 1772; x_wconf 81' lang='lat'>44,</span> <span class='ocrx_word' id='word_1_167' title='bbox 828 1706 861 1760; x_wconf 84' lang='lat' dir='ltr'>ed</span> <span class='ocrx_word' id='word_1_168' title='bbox 872 1705 1023 1760; x_wconf 87' lang='lat' dir='ltr'>Pharisaeos</span> <span class='ocrx_word' id='word_1_169' title='bbox 1035 1707 1112 1760; x_wconf 88' lang='lat' dir='ltr'>etiam</span> <span class='ocrx_word' id='word_1_170' title='bbox 1124 1706 1229 1760; x_wconf 77' lang='lat' dir='ltr'>Scribas</span> <span class='ocrx_word' id='word_1_171' title='bbox 1240 1706 1374 1762; x_wconf 85' lang='lat' dir='ltr'>adiecisse.</span> <span class='ocrx_word' id='word_1_172' title='bbox 1403 1705 1470 1771; x_wconf 83' lang='lat' dir='ltr'>Quod</span> 
     </span>
     <span class='ocr_line' id='line_1_17' title="bbox 243 1791 1471 1866; baseline -0.002 -18"><span class='ocrx_word' id='word_1_173' title='bbox 243 1841 248 1848; x_wconf 88' lang='lat'>.</span> <span class='ocrx_word' id='word_1_174' title='bbox 314 1812 374 1850; x_wconf 91' lang='lat' dir='ltr'>cum</span> <span class='ocrx_word' id='word_1_175' title='bbox 385 1796 491 1866; x_wconf 80' lang='lat' dir='ltr'>indigne</span> <span class='ocrx_word' id='word_1_176' title='bbox 503 1795 606 1848; x_wconf 86' lang='lat' dir='ltr'>tulisset</span> <span class='ocrx_word' id='word_1_177' title='bbox 623 1795 728 1865; x_wconf 84' lang='lat' dir='ltr'>quidam</span> <span class='ocrx_word' id='word_1_178' title='bbox 747 1795 792 1864; x_wconf 90' lang='lat' dir='ltr'>qui</span> <span class='ocrx_word' id='word_1_179' title='bbox 803 1793 896 1848; x_wconf 89' lang='lat' dir='ltr'>Scriba</span> <span class='ocrx_word' id='word_1_180' title='bbox 910 1791 1110 1862; x_wconf 79' lang='lat' dir='ltr'>tantummodo,</span> <span class='ocrx_word' id='word_1_181' title='bbox 1120 1807 1172 1846; x_wconf 90' lang='lat' dir='ltr'>uon</span> <span class='ocrx_word' id='word_1_182' title='bbox 1183 1791 1338 1846; x_wconf 81' lang='lat' dir='ltr'>Pharisaeus</span> <span class='ocrx_word' id='word_1_183' title='bbox 1351 1798 1431 1858; x_wconf 88' lang='lat' dir='ltr'>essct,</span> <span class='ocrx_word' id='word_1_184' title='bbox 1441 1793 1471 1846; x_wconf 90' lang='lat' dir='ltr'>de</span> 
     </span>
     <span class='ocr_line' id='line_1_18' title="bbox 316 1877 1470 1951; baseline -0.004 -16"><span class='ocrx_word' id='word_1_185' title='bbox 316 1898 350 1936; x_wconf 86' lang='lat' dir='ltr'>ea</span> <span class='ocrx_word' id='word_1_186' title='bbox 361 1899 388 1936; x_wconf 89' lang='lat' dir='ltr'>re</span> <span class='ocrx_word' id='word_1_187' title='bbox 401 1885 583 1951; x_wconf 84' lang='lat' dir='ltr'>conquestum,</span> <span class='ocrx_word' id='word_1_188' title='bbox 602 1879 670 1950; x_wconf 92' lang='lat' dir='ltr'>quod</span> <span class='ocrx_word' id='word_1_189' title='bbox 686 1896 739 1933; x_wconf 92' lang='lat' dir='ltr'>non</span> <span class='ocrx_word' id='word_1_190' title='bbox 754 1879 832 1932; x_wconf 93' lang='lat' dir='ltr'>modo</span> <span class='ocrx_word' id='word_1_191' title='bbox 847 1877 1013 1942; x_wconf 84' lang='lat' dir='ltr'>Pharisaeos,</span> <span class='ocrx_word' id='word_1_192' title='bbox 1029 1893 1119 1931; x_wconf 83' lang='lat' dir='ltr'>rerum</span> <span class='ocrx_word' id='word_1_193' title='bbox 1135 1883 1162 1931; x_wconf 87' lang='lat' dir='ltr'>et</span> <span class='ocrx_word' id='word_1_194' title='bbox 1176 1878 1293 1933; x_wconf 87' lang='lat' dir='ltr'>ordinem</span> <span class='ocrx_word' id='word_1_195' title='bbox 1304 1895 1385 1932; x_wconf 89' lang='lat' dir='ltr'>snum</span> <span class='ocrx_word' id='word_1_196' title='bbox 1394 1879 1470 1932; x_wconf 90' lang='lat' dir='ltr'>inces-</span> 
     </span>
     <span class='ocr_line' id='line_1_19' title="bbox 315 1962 1471 2037; baseline -0.004 -15"><span class='ocrx_word' id='word_1_197' title='bbox 315 1973 394 2022; x_wconf 87' lang='lat' dir='ltr'>seret.</span> <span class='ocrx_word' id='word_1_198' title='bbox 428 1967 498 2020; x_wconf 85' lang='lat' dir='ltr'>iiaec</span> <span class='ocrx_word' id='word_1_199' title='bbox 516 1982 574 2020; x_wconf 89' lang='lat' dir='ltr'>esse</span> <span class='ocrx_word' id='word_1_200' title='bbox 589 1970 677 2037; x_wconf 88' lang='lat' dir='ltr'>potest</span> <span class='ocrx_word' id='word_1_201' title='bbox 692 1965 884 2036; x_wconf 84' lang='lat' dir='ltr'>simplicissima</span> <span class='ocrx_word' id='word_1_202' title='bbox 900 1962 976 2016; x_wconf 88' lang='lat' dir='ltr'>huius</span> <span class='ocrx_word' id='word_1_203' title='bbox 987 1965 1039 2018; x_wconf 90' lang='lat' dir='ltr'>loci</span> <span class='ocrx_word' id='word_1_204' title='bbox 1049 1963 1234 2034; x_wconf 87' lang='lat' dir='ltr'>aptissimaque</span> <span class='ocrx_word' id='word_1_205' title='bbox 1246 1964 1383 2017; x_wconf 83' lang='lat' dir='ltr'>sententia</span> <span class='ocrx_word' id='word_1_206' title='bbox 1409 1963 1471 2017; x_wconf 83' lang='lat' dir='ltr'>Nam</span> 
     </span>
     <span class='ocr_line' id='line_1_20' title="bbox 314 2049 1470 2123; baseline -0.005 -15"><span class='ocrx_word' id='word_1_207' title='bbox 314 2055 421 2108; x_wconf 89' lang='lat' dir='ltr'>omnino</span> <span class='ocrx_word' id='word_1_208' title='bbox 433 2051 549 2123; x_wconf 76' lang='grc' dir='ltr'><strong>νομικοὺς</strong></span> <span class='ocrx_word' id='word_1_209' title='bbox 561 2069 607 2123; x_wconf 91' lang='lat' dir='ltr'>pro</span> <span class='ocrx_word' id='word_1_210' title='bbox 620 2051 732 2116; x_wconf 88' lang='lat' dir='ltr'>Scribis,</span> <span class='ocrx_word' id='word_1_211' title='bbox 745 2055 770 2103; x_wconf 89' lang='lat' dir='ltr'>et</span> <span class='ocrx_word' id='word_1_212' title='bbox 781 2050 911 2114; x_wconf 77' lang='lat' dir='ltr'>vicissim,</span> <span class='ocrx_word' id='word_1_213' title='bbox 928 2049 1102 2119; x_wconf 79' lang='lat' dir='ltr'>evangelistae</span> <span class='ocrx_word' id='word_1_214' title='bbox 1114 2065 1205 2102; x_wconf 88' lang='lat' dir='ltr'>omnes</span> <span class='ocrx_word' id='word_1_215' title='bbox 1216 2055 1351 2120; x_wconf 75' lang='lat' dir='ltr'>usurpem.</span> <span class='ocrx_word' id='word_1_216' title='bbox 1375 2049 1470 2102; x_wconf 84' lang='lat' dir='ltr'>Scriba·</span> 
     </span>
     <span class='ocr_line' id='line_1_21' title="bbox 244 2133 1470 2210; baseline -0.007 -17"><span class='ocrx_word' id='word_1_217' title='bbox 244 2180 250 2193; x_wconf 90' lang='lat'>.</span> <span class='ocrx_word' id='word_1_218' title='bbox 286 2182 292 2197; x_wconf 93' lang='lat'>.</span> <span class='ocrx_word' id='word_1_219' title='bbox 317 2157 375 2196; x_wconf 84' lang='lat' dir='ltr'>nrm</span> <span class='ocrx_word' id='word_1_220' title='bbox 386 2155 462 2210; x_wconf 90' lang='lat' dir='ltr'>porro</span> <span class='ocrx_word' id='word_1_221' title='bbox 473 2155 569 2192; x_wconf 89' lang='lat' dir='ltr'>munus</span> <span class='ocrx_word' id='word_1_222' title='bbox 581 2143 607 2190; x_wconf 88' lang='lat' dir='ltr'>ct</span> <span class='ocrx_word' id='word_1_223' title='bbox 616 2137 731 2190; x_wconf 86' lang='lat' dir='ltr'>officium</span> <span class='ocrx_word' id='word_1_224' title='bbox 739 2136 868 2206; x_wconf 88' lang='lat' dir='ltr'>praeclare</span> <span class='ocrx_word' id='word_1_225' title='bbox 880 2135 1015 2206; x_wconf 87' lang='lat' dir='ltr'>descripsit</span> <span class='ocrx_word' id='word_1_226' title='bbox 1023 2133 1115 2205; x_wconf 83' lang='lat' dir='ltr'>Epiph.</span> <span class='ocrx_word' id='word_1_227' title='bbox 1127 2151 1186 2189; x_wconf 91' lang='lat' dir='ltr'>cnm</span> <span class='ocrx_word' id='word_1_228' title='bbox 1195 2135 1242 2188; x_wconf 86' lang='lat' dir='ltr'>sit:</span> <span class='ocrx_word' id='word_1_229' title='bbox 1255 2133 1403 2206; x_wconf 76' lang='grc' dir='ltr'><strong>δευτερωτάς</strong></span> <span class='ocrx_word' id='word_1_230' title='bbox 1412 2151 1470 2194; x_wconf 73' lang='grc' dir='ltr'><strong>τινος</strong></span> 
     </span>
     <span class='ocr_line' id='line_1_22' title="bbox 317 2218 1471 2295; baseline -0.005 -17"><span class='ocrx_word' id='word_1_231' title='bbox 317 2230 362 2278; x_wconf 81' lang='grc' dir='ltr'>τοῦ</span> <span class='ocrx_word' id='word_1_232' title='bbox 374 2227 450 2295; x_wconf 77' lang='grc' dir='ltr'><strong>νόμου</strong></span> <span class='ocrx_word' id='word_1_233' title='bbox 462 2223 558 2288; x_wconf 74' lang='lat' dir='ltr'>tunso,</span> <span class='ocrx_word' id='word_1_234' title='bbox 570 2222 603 2284; x_wconf 84' lang='grc' dir='ltr'>ὡς</span> <span class='ocrx_word' id='word_1_235' title='bbox 616 2221 787 2293; x_wconf 65' lang='grc' dir='ltr'>γραμματικήν</span> <span class='ocrx_word' id='word_1_236' title='bbox 800 2239 852 2272; x_wconf 78' lang='grc' dir='ltr'>τινα</span> <span class='ocrx_word' id='word_1_237' title='bbox 869 2218 1002 2290; x_wconf 68' lang='grc' dir='ltr'>ἐπιστήμην</span> <span class='ocrx_word' id='word_1_238' title='bbox 1020 2219 1208 2291; x_wconf 74' lang='grc' dir='ltr'><strong>ὑφηγουμένους.</strong></span> <span class='ocrx_word' id='word_1_239' title='bbox 1238 2219 1308 2284; x_wconf 81' lang='lat' dir='ltr'>Quos</span> <span class='ocrx_word' id='word_1_240' title='bbox 1326 2219 1430 2291; x_wconf 82' lang='lat' dir='ltr'>quidem</span> <span class='ocrx_word' id='word_1_241' title='bbox 1440 2235 1471 2272; x_wconf 82' lang='lat' dir='ltr'>ex</span> 
     </span>
     <span class='ocr_line' id='line_1_23' title="bbox 318 2305 1471 2379; baseline -0.005 -14"><span class='ocrx_word' id='word_1_242' title='bbox 318 2311 432 2365; x_wconf 79' lang='lat' dir='ltr'>Levitica</span> <span class='ocrx_word' id='word_1_243' title='bbox 442 2311 511 2364; x_wconf 86' lang='lat' dir='ltr'>tribu</span> <span class='ocrx_word' id='word_1_244' title='bbox 522 2309 641 2363; x_wconf 86' lang='lat' dir='ltr'>extitisse</span> <span class='ocrx_word' id='word_1_245' title='bbox 652 2323 787 2379; x_wconf 80' lang='lat' dir='ltr'>perperam</span> <span class='ocrx_word' id='word_1_246' title='bbox 798 2306 905 2360; x_wconf 86' lang='lat' dir='ltr'>adnotat</span> <span class='ocrx_word' id='word_1_247' title='bbox 915 2305 996 2371; x_wconf 84' lang='lat' dir='ltr'>Besa,</span> <span class='ocrx_word' id='word_1_248' title='bbox 1008 2321 1069 2360; x_wconf 87' lang='lat' dir='ltr'>nam</span> <span class='ocrx_word' id='word_1_249' title='bbox 1082 2321 1096 2359; x_wconf 92' lang='lat' dir='ltr'>e</span> <span class='ocrx_word' id='word_1_250' title='bbox 1108 2305 1223 2377; x_wconf 85' lang='lat' dir='ltr'>quolibet</span> <span class='ocrx_word' id='word_1_251' title='bbox 1234 2321 1291 2360; x_wconf 88' lang='lat' dir='ltr'>esse</span> <span class='ocrx_word' id='word_1_252' title='bbox 1302 2310 1434 2377; x_wconf 90' lang='lat' dir='ltr'>poterant,</span> <span class='ocrx_word' id='word_1_253' title='bbox 1445 2311 1471 2359; x_wconf 90' lang='lat' dir='ltr'>ut</span> 
     </span>
     <span class='ocr_line' id='line_1_24' title="bbox 317 2395 494 2452; baseline -0.017 -1"><span class='ocrx_word' id='word_1_254' title='bbox 317 2403 344 2452; x_wconf 91' lang='lat' dir='ltr'>et</span> <span class='ocrx_word' id='word_1_255' title='bbox 354 2395 494 2450; x_wconf 85' lang='lat' dir='ltr'>Pharisaei.</span> 
     </span>
    </p>

    <p class='ocr_par' dir='ltr' id='par_1_5' title="bbox 315 2476 1474 2895">
     <span class='ocr_line' id='line_1_25' title="bbox 389 2476 1472 2552; baseline -0.001 -19"><span class='ocrx_word' id='word_1_256' title='bbox 389 2481 477 2552; x_wconf 79' lang='grc' dir='ltr'>Πυγμῇ</span> <span class='ocrx_word' id='word_1_257' title='bbox 488 2477 531 2550; x_wconf 77' lang='lat' dir='ltr'>pls</span> <span class='ocrx_word' id='word_1_258' title='bbox 537 2476 578 2541; x_wconf 70' lang='grc' dir='ltr'>τὰς</span> <span class='ocrx_word' id='word_1_259' title='bbox 584 2482 668 2550; x_wconf 78' lang='grc' dir='ltr'><strong>χεῖρας</strong></span> <span class='ocrx_word' id='word_1_260' title='bbox 677 2479 835 2550; x_wconf 62' lang='grc' dir='ltr'><strong>νυττόμενοι]</strong></span> <span class='ocrx_word' id='word_1_261' title='bbox 841 2477 930 2548; x_wconf 80' lang='grc' dir='ltr'><strong>Πυγμῇ</strong></span> <span class='ocrx_word' id='word_1_262' title='bbox 936 2493 989 2532; x_wconf 88' lang='lat' dir='ltr'>nou</span> <span class='ocrx_word' id='word_1_263' title='bbox 995 2476 1173 2549; x_wconf 82' lang='lat' dir='ltr'>aliteraccepit</span> <span class='ocrx_word' id='word_1_264' title='bbox 1178 2477 1338 2549; x_wconf 81' lang='lat' dir='ltr'>Epiphanius</span> <span class='ocrx_word' id='word_1_265' title='bbox 1347 2493 1378 2532; x_wconf 82' lang='lat' dir='ltr'>aa</span> <span class='ocrx_word' id='word_1_266' title='bbox 1386 2477 1472 2550; x_wconf 78' lang='lat' dir='ltr'>vulga·</span> 
     </span>
     <span class='ocr_line' id='line_1_26' title="bbox 319 2563 1472 2637; baseline -0.004 -15"><span class='ocrx_word' id='word_1_267' title='bbox 319 2573 363 2622; x_wconf 91' lang='lat' dir='ltr'>tus</span> <span class='ocrx_word' id='word_1_268' title='bbox 374 2567 503 2636; x_wconf 87' lang='lat' dir='ltr'>interpres</span> <span class='ocrx_word' id='word_1_269' title='bbox 518 2581 565 2637; x_wconf 93' lang='lat' dir='ltr'>pro</span> <span class='ocrx_word' id='word_1_270' title='bbox 586 2581 617 2619; x_wconf 88' lang='lat' dir='ltr'>eo</span> <span class='ocrx_word' id='word_1_271' title='bbox 629 2565 698 2634; x_wconf 89' lang='lat' dir='ltr'>qood</span> <span class='ocrx_word' id='word_1_272' title='bbox 709 2569 749 2617; x_wconf 85' lang='lat' dir='ltr'>est</span> <span class='ocrx_word' id='word_1_273' title='bbox 760 2563 861 2626; x_wconf 81' lang='lat' dir='ltr'>crebro,</span> <span class='ocrx_word' id='word_1_274' title='bbox 872 2567 1033 2633; x_wconf 79' lang='lat' dir='ltr'>frequenter.-</span> <span class='ocrx_word' id='word_1_275' title='bbox 1048 2581 1095 2635; x_wconf 92' lang='lat' dir='ltr'>pro</span> <span class='ocrx_word' id='word_1_276' title='bbox 1107 2581 1158 2634; x_wconf 91' lang='lat' dir='ltr'>quo</span> <span class='ocrx_word' id='word_1_277' title='bbox 1170 2563 1239 2617; x_wconf 84' lang='lat' dir='ltr'>Beue</span> <span class='ocrx_word' id='word_1_278' title='bbox 1248 2565 1374 2618; x_wconf 77' lang='lat' dir='ltr'>novitatis</span> <span class='ocrx_word' id='word_1_279' title='bbox 1386 2565 1472 2618; x_wconf 88' lang='lat' dir='ltr'>intem·</span> 
     </span>
     <span class='ocr_line' id='line_1_27' title="bbox 317 2648 1474 2724; baseline -0.003 -16"><span class='ocrx_word' id='word_1_280' title='bbox 317 2654 418 2724; x_wconf 77' lang='lat' dir='ltr'>pestivo</span> <span class='ocrx_word' id='word_1_281' title='bbox 431 2650 516 2704; x_wconf 91' lang='lat' dir='ltr'>studio</span> <span class='ocrx_word' id='word_1_282' title='bbox 524 2669 611 2720; x_wconf 83' lang='lat' dir='ltr'>pupas</span> <span class='ocrx_word' id='word_1_283' title='bbox 627 2649 743 2714; x_wconf 89' lang='lat' dir='ltr'>redditit,</span> <span class='ocrx_word' id='word_1_284' title='bbox 764 2665 826 2702; x_wconf 84' lang='lat' dir='ltr'>saue</span> <span class='ocrx_word' id='word_1_285' title='bbox 843 2649 969 2718; x_wconf 91' lang='lat' dir='ltr'>imperite.</span> <span class='ocrx_word' id='word_1_286' title='bbox 996 2649 1048 2702; x_wconf 90' lang='lat' dir='ltr'>Sed</span> <span class='ocrx_word' id='word_1_287' title='bbox 1065 2648 1097 2702; x_wconf 89' lang='lat' dir='ltr'>de</span> <span class='ocrx_word' id='word_1_288' title='bbox 1108 2648 1211 2703; x_wconf 86' lang='lat' dir='ltr'>iudaice</span> <span class='ocrx_word' id='word_1_289' title='bbox 1224 2649 1337 2719; x_wconf 90' lang='lat' dir='ltr'>quodam</span> <span class='ocrx_word' id='word_1_290' title='bbox 1353 2649 1474 2705; x_wconf 85' lang='lat' dir='ltr'>abluendi</span> 
     </span>
     <span class='ocr_line' id='line_1_28' title="bbox 318 2733 1473 2809; baseline -0.001 -17"><span class='ocrx_word' id='word_1_291' title='bbox 318 2754 427 2809; x_wconf 81' lang='lat' dir='ltr'>genere,</span> <span class='ocrx_word' id='word_1_292' title='bbox 439 2753 490 2808; x_wconf 93' lang='lat' dir='ltr'>quo</span> <span class='ocrx_word' id='word_1_293' title='bbox 503 2735 535 2790; x_wconf 85' lang='lat' dir='ltr'>sd</span> <span class='ocrx_word' id='word_1_294' title='bbox 547 2753 663 2790; x_wconf 89' lang='lat' dir='ltr'>summos</span> <span class='ocrx_word' id='word_1_295' title='bbox 675 2751 757 2807; x_wconf 91' lang='lat' dir='ltr'>usque</span> <span class='ocrx_word' id='word_1_296' title='bbox 770 2736 865 2806; x_wconf 85' lang='lat' dir='ltr'>digitos</span> <span class='ocrx_word' id='word_1_297' title='bbox 877 2749 970 2789; x_wconf 86' lang='lat' dir='ltr'>manns</span> <span class='ocrx_word' id='word_1_298' title='bbox 981 2734 1116 2802; x_wconf 77' lang='lat' dir='ltr'>lavabant,</span> <span class='ocrx_word' id='word_1_299' title='bbox 1127 2735 1186 2789; x_wconf 79' lang='lat' dir='ltr'>ride</span> <span class='ocrx_word' id='word_1_300' title='bbox 1202 2733 1346 2790; x_wconf 82' lang='lat' dir='ltr'>Samarium</span> <span class='ocrx_word' id='word_1_301' title='bbox 1359 2742 1473 2791; x_wconf 73' lang='lat' dir='ltr'>noman</span> 
     </span>
     <span class='ocr_line' id='line_1_29' title="bbox 315 2826 521 2895; baseline -0.019 -15"><span class='ocrx_word' id='word_1_302' title='bbox 315 2826 360 2880; x_wconf 90' lang='lat' dir='ltr'>lib.</span> <span class='ocrx_word' id='word_1_303' title='bbox 373 2842 400 2878; x_wconf 81' lang='grc' dir='ltr'>ιι.</span> <span class='ocrx_word' id='word_1_304' title='bbox 413 2839 469 2895; x_wconf 89' lang='lat' dir='ltr'>cap.</span> <span class='ocrx_word' id='word_1_305' title='bbox 482 2840 521 2877; x_wconf 80' lang='grc' dir='ltr'><strong><em>ιιι.</em></strong></span> 
     </span>
    </p>

    <p class='ocr_par' dir='ltr' id='par_1_6' title="bbox 316 2905 1475 4696">
     <span class='ocr_line' id='line_1_30' title="bbox 384 2905 1474 2979; baseline 0 -17"><span class='ocrx_word' id='word_1_306' title='bbox 384 2909 429 2962; x_wconf 86' lang='lat' dir='ltr'>iiai</span> <span class='ocrx_word' id='word_1_307' title='bbox 441 2907 593 2979; x_wconf 67' lang='grc' dir='ltr'>φυλακτήρια</span> <span class='ocrx_word' id='word_1_308' title='bbox 604 2905 662 2978; x_wconf 82' lang='grc' dir='ltr'><strong>παρ’</strong></span> <span class='ocrx_word' id='word_1_309' title='bbox 675 2906 778 2975; x_wconf 72' lang='grc' dir='ltr'><strong>αὐτοῖς]</strong></span> <span class='ocrx_word' id='word_1_310' title='bbox 792 2906 931 2962; x_wconf 86' lang='lat' dir='ltr'>Deuteron.</span> <span class='ocrx_word' id='word_1_311' title='bbox 944 2925 979 2962; x_wconf 84' lang='lat' dir='ltr'>vr.</span> <span class='ocrx_word' id='word_1_312' title='bbox 991 2922 1057 2962; x_wconf 90' lang='lat' dir='ltr'>com.</span> <span class='ocrx_word' id='word_1_313' title='bbox 1071 2905 1094 2960; x_wconf 82' lang='lat' dir='ltr'>S.</span> <span class='ocrx_word' id='word_1_314' title='bbox 1108 2921 1167 2960; x_wconf 90' lang='lat' dir='ltr'>cum</span> <span class='ocrx_word' id='word_1_315' title='bbox 1178 2907 1360 2972; x_wconf 86' lang='lat' dir='ltr'>mandatorum</span> <span class='ocrx_word' id='word_1_316' title='bbox 1370 2923 1474 2962; x_wconf 87' lang='lat' dir='ltr'>suorum</span> 
     </span>
     <span class='ocr_line' id='line_1_31' title="bbox 316 2992 1475 3067; baseline -0.003 -16"><span class='ocrx_word' id='word_1_317' title='bbox 316 2995 406 3067; x_wconf 81' lang='lat' dir='ltr'>iugem</span> <span class='ocrx_word' id='word_1_318' title='bbox 423 3001 449 3049; x_wconf 87' lang='lat' dir='ltr'>st</span> <span class='ocrx_word' id='word_1_319' title='bbox 460 2995 592 3048; x_wconf 81' lang='lat' dir='ltr'>assidmm</span> <span class='ocrx_word' id='word_1_320' title='bbox 603 2994 796 3048; x_wconf 84' lang='lat' dir='ltr'>meditationem</span> <span class='ocrx_word' id='word_1_321' title='bbox 812 2994 971 3065; x_wconf 86' lang='lat' dir='ltr'>praeciperet</span> <span class='ocrx_word' id='word_1_322' title='bbox 982 2993 1057 3046; x_wconf 87' lang='lat' dir='ltr'>dens:</span> <span class='ocrx_word' id='word_1_323' title='bbox 1078 2992 1115 3044; x_wconf 83' lang='lat' dir='ltr'>Et</span> <span class='ocrx_word' id='word_1_324' title='bbox 1125 2993 1229 3060; x_wconf 77' lang='lat' dir='ltr'>tipabs&#39;s,</span> <span class='ocrx_word' id='word_1_325' title='bbox 1246 2993 1341 3063; x_wconf 89' lang='lat' dir='ltr'>inquit,</span> <span class='ocrx_word' id='word_1_326' title='bbox 1361 3013 1393 3048; x_wconf 87' lang='lat' dir='ltr'>ea</span> <span class='ocrx_word' id='word_1_327' title='bbox 1405 2997 1475 3064; x_wconf 81' lang='lat' dir='ltr'>quast</span> 
     </span>
     <span class='ocr_line' id='line_1_32' title="bbox 316 3079 1473 3152; baseline -0.001 -17"><span class='ocrx_word' id='word_1_328' title='bbox 316 3087 415 3151; x_wconf 81' lang='lat' dir='ltr'>siquam</span> <span class='ocrx_word' id='word_1_329' title='bbox 431 3085 459 3133; x_wconf 83' lang='lat' dir='ltr'>ia</span> <span class='ocrx_word' id='word_1_330' title='bbox 475 3099 550 3133; x_wconf 83' lang='lat' dir='ltr'>mona</span> <span class='ocrx_word' id='word_1_331' title='bbox 568 3089 625 3144; x_wconf 84' lang='lat' dir='ltr'>tuo,</span> <span class='ocrx_word' id='word_1_332' title='bbox 647 3089 764 3152; x_wconf 72' lang='lat' dir='ltr'>ematque</span> <span class='ocrx_word' id='word_1_333' title='bbox 785 3089 809 3134; x_wconf 86' lang='lat' dir='ltr'>st</span> <span class='ocrx_word' id='word_1_334' title='bbox 822 3080 981 3132; x_wconf 81' lang='lat' dir='ltr'>merebantur</span> <span class='ocrx_word' id='word_1_335' title='bbox 996 3080 1157 3131; x_wconf 78' lang='lat' dir='ltr'>intercoelos</span> <span class='ocrx_word' id='word_1_336' title='bbox 1173 3089 1238 3132; x_wconf 80' lang='lat' dir='ltr'>tuos:</span> <span class='ocrx_word' id='word_1_337' title='bbox 1260 3079 1387 3134; x_wconf 79' lang='lat' dir='ltr'>Hebraico</span> <span class='ocrx_word' id='word_1_338' title='bbox 1404 3087 1473 3142; x_wconf 67' lang='grc' dir='ltr'>ἹἯἹ</span> 
     </span>
     <span class='ocr_line' id='line_1_33' title="bbox 318 3133 1472 3256; baseline -0.003 -32"><span class='ocrx_word' id='word_1_339' title='bbox 318 3172 406 3253; x_wconf 69' lang='lat' dir='ltr'>pne</span> <span class='ocrx_word' id='word_1_340' title='bbox 424 3171 474 3256; x_wconf 78' lang='lat' dir='ltr'>ps</span> <span class='ocrx_word' id='word_1_341' title='bbox 491 3133 661 3252; x_wconf 57' lang='lat' dir='ltr'>renutet.</span> <span class='ocrx_word' id='word_1_342' title='bbox 692 3165 836 3220; x_wconf 67' lang='lat' dir='ltr'>eunucus</span> <span class='ocrx_word' id='word_1_343' title='bbox 855 3136 988 3254; x_wconf 67' lang='lat' dir='ltr'>pbssb.</span> <span class='ocrx_word' id='word_1_344' title='bbox 1007 3163 1046 3218; x_wconf 74' lang='lat' dir='ltr'>os</span> <span class='ocrx_word' id='word_1_345' title='bbox 1061 3163 1207 3236; x_wconf 71' lang='lat' dir='ltr'>totaphoth</span> <span class='ocrx_word' id='word_1_346' title='bbox 1226 3169 1280 3218; x_wconf 76' lang='lat' dir='ltr'>sm</span> <span class='ocrx_word' id='word_1_347' title='bbox 1299 3165 1472 3220; x_wconf 73' lang='lat' dir='ltr'>sassones</span> 
     </span>
     <span class='ocr_line' id='line_1_34' title="bbox 318 3246 1471 3328; baseline -0.003 -21"><span class='ocrx_word' id='word_1_348' title='bbox 318 3269 397 3324; x_wconf 86' lang='lat' dir='ltr'>quam</span> <span class='ocrx_word' id='word_1_349' title='bbox 415 3252 537 3306; x_wconf 91' lang='lat' dir='ltr'>anostris</span> <span class='ocrx_word' id='word_1_350' title='bbox 549 3252 619 3304; x_wconf 79' lang='lat' dir='ltr'>varie</span> <span class='ocrx_word' id='word_1_351' title='bbox 631 3250 783 3328; x_wconf 87' lang='lat' dir='ltr'>disputatur.</span> <span class='ocrx_word' id='word_1_352' title='bbox 807 3267 859 3304; x_wconf 83' lang='lat' dir='ltr'>nn</span> <span class='ocrx_word' id='word_1_353' title='bbox 871 3267 918 3321; x_wconf 93' lang='lat' dir='ltr'>pro</span> <span class='ocrx_word' id='word_1_354' title='bbox 929 3265 962 3303; x_wconf 85' lang='lat' dir='ltr'>ea</span> <span class='ocrx_word' id='word_1_355' title='bbox 972 3265 1035 3303; x_wconf 77' lang='lat' dir='ltr'>voce</span> <span class='ocrx_word' id='word_1_356' title='bbox 1047 3246 1168 3301; x_wconf 71' lang='lat' dir='ltr'>dedicore</span> <span class='ocrx_word' id='word_1_357' title='bbox 1179 3249 1300 3303; x_wconf 85' lang='lat' dir='ltr'>reddunt:</span> <span class='ocrx_word' id='word_1_358' title='bbox 1312 3249 1353 3302; x_wconf 80' lang='lat' dir='ltr'>sai</span> <span class='ocrx_word' id='word_1_359' title='bbox 1366 3249 1471 3304; x_wconf 73' lang='grc' dir='ltr'>ἔστωσαν</span> 
     </span>
     <span class='ocr_line' id='line_1_35' title="bbox 317 3333 1471 3407; baseline 0.001 -17"><span class='ocrx_word' id='word_1_360' title='bbox 317 3336 440 3390; x_wconf 66' lang='lat' dir='ltr'>dolabrum</span> <span class='ocrx_word' id='word_1_361' title='bbox 452 3337 499 3407; x_wconf 65' lang='grc' dir='ltr'>πρὸ</span> <span class='ocrx_word' id='word_1_362' title='bbox 513 3333 648 3406; x_wconf 75' lang='grc' dir='ltr'>ὀφθαλμῶν</span> <span class='ocrx_word' id='word_1_363' title='bbox 660 3341 717 3390; x_wconf 75' lang='lat' dir='ltr'>soi:</span> <span class='ocrx_word' id='word_1_364' title='bbox 739 3337 772 3389; x_wconf 87' lang='lat' dir='ltr'>Et</span> <span class='ocrx_word' id='word_1_365' title='bbox 782 3337 835 3389; x_wconf 86' lang='lat' dir='ltr'>sint</span> <span class='ocrx_word' id='word_1_366' title='bbox 851 3335 997 3388; x_wconf 76' lang='lat' dir='ltr'>immobilia.</span> <span class='ocrx_word' id='word_1_367' title='bbox 1029 3335 1065 3388; x_wconf 78' lang='lat' dir='ltr'>Ab</span> <span class='ocrx_word' id='word_1_368' title='bbox 1076 3333 1192 3406; x_wconf 83' lang='lat' dir='ltr'>Scaliger</span> <span class='ocrx_word' id='word_1_369' title='bbox 1202 3335 1288 3406; x_wconf 86' lang='lat' dir='ltr'>inepte</span> <span class='ocrx_word' id='word_1_370' title='bbox 1299 3335 1408 3391; x_wconf 85' lang='lat' dir='ltr'>credidit</span> <span class='ocrx_word' id='word_1_371' title='bbox 1419 3333 1471 3390; x_wconf 74' lang='lat' dir='ltr'>iei-</span> 
     </span>
     <span class='ocr_line' id='line_1_36' title="bbox 318 3421 1470 3494; baseline -0.002 -16"><span class='ocrx_word' id='word_1_372' title='bbox 318 3423 394 3478; x_wconf 81' lang='grc' dir='ltr'>λευτα</span> <span class='ocrx_word' id='word_1_373' title='bbox 405 3423 473 3478; x_wconf 89' lang='lat' dir='ltr'>idem</span> <span class='ocrx_word' id='word_1_374' title='bbox 486 3439 542 3476; x_wconf 86' lang='lat' dir='ltr'>asse</span> <span class='ocrx_word' id='word_1_375' title='bbox 554 3429 631 3494; x_wconf 89' lang='lat' dir='ltr'>atque</span> <span class='ocrx_word' id='word_1_376' title='bbox 643 3425 761 3477; x_wconf 81' lang='lat' dir='ltr'>amuleto.</span> <span class='ocrx_word' id='word_1_377' title='bbox 788 3423 870 3483; x_wconf 77' lang='lat' dir='ltr'>Quam</span> <span class='ocrx_word' id='word_1_378' title='bbox 881 3439 978 3486; x_wconf 79' lang='lat' dir='ltr'>socero,</span> <span class='ocrx_word' id='word_1_379' title='bbox 990 3421 1085 3490; x_wconf 87' lang='lat' dir='ltr'>inquit,</span> <span class='ocrx_word' id='word_1_380' title='bbox 1096 3425 1261 3490; x_wconf 77' lang='lat' dir='ltr'>prommotics&#39;</span> <span class='ocrx_word' id='word_1_381' title='bbox 1271 3425 1379 3476; x_wconf 80' lang='lat' dir='ltr'>nondum</span> <span class='ocrx_word' id='word_1_382' title='bbox 1391 3428 1418 3478; x_wconf 83' lang='lat' dir='ltr'>io</span> <span class='ocrx_word' id='word_1_383' title='bbox 1428 3443 1470 3476; x_wconf 86' lang='lat' dir='ltr'>eus</span> 
     </span>
     <span class='ocr_line' id='line_1_37' title="bbox 318 3505 1470 3578; baseline 0.002 -15"><span class='ocrx_word' id='word_1_384' title='bbox 318 3512 402 3564; x_wconf 79' lang='lat' dir='ltr'>lesica</span> <span class='ocrx_word' id='word_1_385' title='bbox 414 3511 560 3563; x_wconf 76' lang='lat' dir='ltr'>retroierunt.</span> <span class='ocrx_word' id='word_1_386' title='bbox 585 3509 676 3578; x_wconf 84' lang='lat' dir='ltr'>Itaque</span> <span class='ocrx_word' id='word_1_387' title='bbox 686 3511 752 3561; x_wconf 83' lang='lat' dir='ltr'>idem</span> <span class='ocrx_word' id='word_1_388' title='bbox 765 3518 802 3560; x_wconf 86' lang='lat' dir='ltr'>est</span> <span class='ocrx_word' id='word_1_389' title='bbox 812 3505 958 3576; x_wconf 80' lang='grc' dir='ltr'><strong>ἀσάλευτον,</strong></span> <span class='ocrx_word' id='word_1_390' title='bbox 971 3506 1011 3558; x_wconf 81' lang='lat' dir='ltr'>sei</span> <span class='ocrx_word' id='word_1_391' title='bbox 1024 3506 1193 3577; x_wconf 69' lang='lat' dir='ltr'>quicar-elprae.</span> <span class='ocrx_word' id='word_1_392' title='bbox 1217 3506 1269 3560; x_wconf 83' lang='lat' dir='ltr'>Sed</span> <span class='ocrx_word' id='word_1_393' title='bbox 1279 3508 1347 3562; x_wconf 88' lang='lat' dir='ltr'>unde</span> <span class='ocrx_word' id='word_1_394' title='bbox 1356 3508 1408 3564; x_wconf 87' lang='lat' dir='ltr'>hee</span> <span class='ocrx_word' id='word_1_395' title='bbox 1419 3516 1470 3564; x_wconf 81' lang='lat' dir='ltr'>tsn-</span> 
     </span>
     <span class='ocr_line' id='line_1_38' title="bbox 318 3591 1470 3664; baseline 0 -14"><span class='ocrx_word' id='word_1_396' title='bbox 318 3597 378 3651; x_wconf 90' lang='lat' dir='ltr'>dem</span> <span class='ocrx_word' id='word_1_397' title='bbox 388 3594 483 3648; x_wconf 84' lang='lat' dir='ltr'>habet?</span> <span class='ocrx_word' id='word_1_398' title='bbox 500 3593 567 3647; x_wconf 89' lang='lat' dir='ltr'>Nam</span> <span class='ocrx_word' id='word_1_399' title='bbox 579 3591 700 3646; x_wconf 77' lang='grc' dir='ltr'>ἂσάλευτα</span> <span class='ocrx_word' id='word_1_400' title='bbox 711 3609 762 3646; x_wconf 92' lang='lat' dir='ltr'>nou</span> <span class='ocrx_word' id='word_1_401' title='bbox 775 3593 945 3658; x_wconf 79' lang='lat' dir='ltr'>substantive,</span> <span class='ocrx_word' id='word_1_402' title='bbox 957 3607 1041 3663; x_wconf 89' lang='lat' dir='ltr'>neque</span> <span class='ocrx_word' id='word_1_403' title='bbox 1053 3592 1086 3646; x_wconf 91' lang='lat' dir='ltr'>ad</span> <span class='ocrx_word' id='word_1_404' title='bbox 1097 3609 1151 3646; x_wconf 89' lang='lat' dir='ltr'>rem</span> <span class='ocrx_word' id='word_1_405' title='bbox 1162 3599 1259 3646; x_wconf 86' lang='lat' dir='ltr'>certam</span> <span class='ocrx_word' id='word_1_406' title='bbox 1270 3593 1470 3664; x_wconf 80' lang='lat' dir='ltr'>significandam,</span> 
     </span>
     <span class='ocr_line' id='line_1_39' title="bbox 317 3677 1469 3752; baseline 0 -16"><span class='ocrx_word' id='word_1_407' title='bbox 317 3681 364 3736; x_wconf 93' lang='lat' dir='ltr'>sed</span> <span class='ocrx_word' id='word_1_408' title='bbox 375 3681 514 3752; x_wconf 79' lang='lat' dir='ltr'>adjective,</span> <span class='ocrx_word' id='word_1_409' title='bbox 531 3685 558 3734; x_wconf 92' lang='lat' dir='ltr'>et</span> <span class='ocrx_word' id='word_1_410' title='bbox 569 3677 688 3749; x_wconf 76' lang='grc' dir='ltr'><strong>ἀορίστοις</strong></span> <span class='ocrx_word' id='word_1_411' title='bbox 703 3686 869 3749; x_wconf 85' lang='lat' dir='ltr'>usurparunt.</span> <span class='ocrx_word' id='word_1_412' title='bbox 892 3679 988 3744; x_wconf 79' lang='lat' dir='ltr'>Erunt,</span> <span class='ocrx_word' id='word_1_413' title='bbox 1005 3679 1100 3748; x_wconf 91' lang='lat' dir='ltr'>inquit,</span> <span class='ocrx_word' id='word_1_414' title='bbox 1120 3683 1221 3732; x_wconf 81' lang='lat' dir='ltr'>immota</span> <span class='ocrx_word' id='word_1_415' title='bbox 1238 3689 1297 3733; x_wconf 82' lang='lat' dir='ltr'>aute</span> <span class='ocrx_word' id='word_1_416' title='bbox 1313 3684 1398 3734; x_wconf 84' lang='lat' dir='ltr'>ocutos</span> <span class='ocrx_word' id='word_1_417' title='bbox 1413 3691 1469 3736; x_wconf 84' lang='lat' dir='ltr'>teos.</span> 
     </span>
     <span class='ocr_line' id='line_1_40' title="bbox 318 3763 1470 3838; baseline -0.001 -16"><span class='ocrx_word' id='word_1_418' title='bbox 318 3769 404 3832; x_wconf 89' lang='lat' dir='ltr'>Quare</span> <span class='ocrx_word' id='word_1_419' title='bbox 414 3767 493 3836; x_wconf 74' lang='lat' dir='ltr'>friget</span> <span class='ocrx_word' id='word_1_420' title='bbox 503 3764 566 3819; x_wconf 84' lang='lat' dir='ltr'>haee</span> <span class='ocrx_word' id='word_1_421' title='bbox 579 3780 662 3818; x_wconf 79' lang='lat' dir='ltr'>norae</span> <span class='ocrx_word' id='word_1_422' title='bbox 677 3765 748 3818; x_wconf 77' lang='lat' dir='ltr'>vocis</span> <span class='ocrx_word' id='word_1_423' title='bbox 765 3765 920 3818; x_wconf 81' lang='lat' dir='ltr'>observatio.</span> <span class='ocrx_word' id='word_1_424' title='bbox 951 3764 1037 3819; x_wconf 77' lang='lat' dir='ltr'>iocus</span> <span class='ocrx_word' id='word_1_425' title='bbox 1049 3769 1088 3816; x_wconf 91' lang='lat' dir='ltr'>ost</span> <span class='ocrx_word' id='word_1_426' title='bbox 1098 3763 1190 3818; x_wconf 82' lang='lat' dir='ltr'>Matth.</span> <span class='ocrx_word' id='word_1_427' title='bbox 1201 3781 1281 3830; x_wconf 66' lang='grc' dir='ltr'>ωτι,</span> <span class='ocrx_word' id='word_1_428' title='bbox 1301 3765 1325 3818; x_wconf 80' lang='grc'>5.</span> <span class='ocrx_word' id='word_1_429' title='bbox 1337 3767 1365 3819; x_wconf 92' lang='lat' dir='ltr'>in</span> <span class='ocrx_word' id='word_1_430' title='bbox 1377 3784 1429 3838; x_wconf 92' lang='lat' dir='ltr'>quo</span> <span class='ocrx_word' id='word_1_431' title='bbox 1440 3766 1470 3820; x_wconf 83' lang='lat' dir='ltr'>ad</span> 
     </span>
     <span class='ocr_line' id='line_1_41' title="bbox 317 3848 1470 3925; baseline -0.003 -16"><span class='ocrx_word' id='word_1_432' title='bbox 317 3851 464 3925; x_wconf 86' lang='lat' dir='ltr'>&#39;iotaphoth</span> <span class='ocrx_word' id='word_1_433' title='bbox 484 3857 510 3906; x_wconf 91' lang='lat' dir='ltr'>st</span> <span class='ocrx_word' id='word_1_434' title='bbox 529 3851 651 3904; x_wconf 75' lang='lat' dir='ltr'>hontaiiu</span> <span class='ocrx_word' id='word_1_435' title='bbox 667 3848 783 3904; x_wconf 87' lang='lat' dir='ltr'>Christus</span> <span class='ocrx_word' id='word_1_436' title='bbox 798 3855 944 3920; x_wconf 89' lang='lat' dir='ltr'>respectum</span> <span class='ocrx_word' id='word_1_437' title='bbox 963 3848 1085 3903; x_wconf 84' lang='lat' dir='ltr'>habuisse</span> <span class='ocrx_word' id='word_1_438' title='bbox 1104 3848 1212 3903; x_wconf 83' lang='lat' dir='ltr'>videtur.</span> <span class='ocrx_word' id='word_1_439' title='bbox 1240 3849 1307 3904; x_wconf 85' lang='lat' dir='ltr'>Nam</span> <span class='ocrx_word' id='word_1_440' title='bbox 1320 3849 1470 3906; x_wconf 87' lang='lat' dir='ltr'>Pharisaeos</span> 
     </span>
     <span class='ocr_line' id='line_1_42' title="bbox 317 3936 1470 4012; baseline -0.002 -19"><span class='ocrx_word' id='word_1_441' title='bbox 317 3939 507 4012; x_wconf 82' lang='lat' dir='ltr'>perstringens,</span> <span class='ocrx_word' id='word_1_442' title='bbox 521 3937 653 3999; x_wconf 64' lang='lat' dir='ltr'>Miscent,</span> <span class='ocrx_word' id='word_1_443' title='bbox 670 3936 766 4006; x_wconf 91' lang='lat' dir='ltr'>inquit,</span> <span class='ocrx_word' id='word_1_444' title='bbox 781 3936 944 4006; x_wconf 76' lang='lat' dir='ltr'>phylacteria</span> <span class='ocrx_word' id='word_1_445' title='bbox 961 3953 1020 3998; x_wconf 85' lang='lat' dir='ltr'>saa,</span> <span class='ocrx_word' id='word_1_446' title='bbox 1040 3945 1063 3986; x_wconf 89' lang='lat' dir='ltr'>st</span> <span class='ocrx_word' id='word_1_447' title='bbox 1073 3937 1368 4006; x_wconf 72' lang='lat' dir='ltr'>mopmfioastfirobsios.</span> <span class='ocrx_word' id='word_1_448' title='bbox 1391 3937 1470 4002; x_wconf 83' lang='lat' dir='ltr'>Quem</span> 
     </span>
     <span class='ocr_line' id='line_1_43' title="bbox 317 4019 1470 4095; baseline -0.003 -15"><span class='ocrx_word' id='word_1_449' title='bbox 317 4025 351 4080; x_wconf 89' lang='lat' dir='ltr'>ad</span> <span class='ocrx_word' id='word_1_450' title='bbox 367 4025 454 4079; x_wconf 90' lang='lat' dir='ltr'>locum</span> <span class='ocrx_word' id='word_1_451' title='bbox 463 4023 612 4092; x_wconf 75' lang='lat' dir='ltr'>Hieronpm.</span> <span class='ocrx_word' id='word_1_452' title='bbox 622 4019 819 4075; x_wconf 87' lang='lat' dir='ltr'>Pharisaeorum</span> <span class='ocrx_word' id='word_1_453' title='bbox 836 4021 1045 4092; x_wconf 85' lang='lat' dir='ltr'>superstitionem</span> <span class='ocrx_word' id='word_1_454' title='bbox 1057 4025 1143 4087; x_wconf 81' lang='lat' dir='ltr'>notat,</span> <span class='ocrx_word' id='word_1_455' title='bbox 1159 4021 1204 4093; x_wconf 90' lang='lat' dir='ltr'>qni</span> <span class='ocrx_word' id='word_1_456' title='bbox 1215 4021 1284 4092; x_wconf 90' lang='lat' dir='ltr'>qnod</span> <span class='ocrx_word' id='word_1_457' title='bbox 1296 4023 1470 4095; x_wconf 84' lang='lat' dir='ltr'>simplicitera</span> 
     </span>
     <span class='ocr_line' id='line_1_44' title="bbox 318 4106 1468 4177; baseline 0 -13"><span class='ocrx_word' id='word_1_458' title='bbox 318 4112 367 4164; x_wconf 89' lang='lat' dir='ltr'>deo</span> <span class='ocrx_word' id='word_1_459' title='bbox 378 4108 530 4164; x_wconf 89' lang='lat' dir='ltr'>mandatum</span> <span class='ocrx_word' id='word_1_460' title='bbox 546 4113 614 4173; x_wconf 89' lang='lat' dir='ltr'>erat,</span> <span class='ocrx_word' id='word_1_461' title='bbox 634 4107 707 4161; x_wconf 92' lang='lat' dir='ltr'>utin</span> <span class='ocrx_word' id='word_1_462' title='bbox 723 4108 781 4177; x_wconf 74' lang='lat' dir='ltr'>iege</span> <span class='ocrx_word' id='word_1_463' title='bbox 796 4106 946 4160; x_wconf 84' lang='lat' dir='ltr'>meditanda</span> <span class='ocrx_word' id='word_1_464' title='bbox 961 4106 1172 4177; x_wconf 75' lang='lat' dir='ltr'>observantiaque</span> <span class='ocrx_word' id='word_1_465' title='bbox 1187 4107 1290 4161; x_wconf 89' lang='lat' dir='ltr'>assidue</span> <span class='ocrx_word' id='word_1_466' title='bbox 1301 4115 1468 4175; x_wconf 77' lang='lat' dir='ltr'>versarentur,</span> 
     </span>
     <span class='ocr_line' id='line_1_45' title="bbox 318 4192 1468 4266; baseline -0.003 -15"><span class='ocrx_word' id='word_1_467' title='bbox 318 4197 408 4266; x_wconf 86' lang='lat' dir='ltr'>utique</span> <span class='ocrx_word' id='word_1_468' title='bbox 419 4196 464 4248; x_wconf 86' lang='lat' dir='ltr'>iiia</span> <span class='ocrx_word' id='word_1_469' title='bbox 475 4199 535 4248; x_wconf 82' lang='lat' dir='ltr'>ants</span> <span class='ocrx_word' id='word_1_470' title='bbox 547 4194 636 4248; x_wconf 89' lang='lat' dir='ltr'>oculos</span> <span class='ocrx_word' id='word_1_471' title='bbox 647 4198 771 4264; x_wconf 91' lang='lat' dir='ltr'>perpetuo</span> <span class='ocrx_word' id='word_1_472' title='bbox 783 4193 859 4264; x_wconf 87' lang='lat' dir='ltr'>quasi</span> <span class='ocrx_word' id='word_1_473' title='bbox 874 4193 1064 4246; x_wconf 87' lang='lat' dir='ltr'>monimentum</span> <span class='ocrx_word' id='word_1_474' title='bbox 1077 4192 1205 4264; x_wconf 90' lang='lat' dir='ltr'>quoddam</span> <span class='ocrx_word' id='word_1_475' title='bbox 1216 4199 1329 4259; x_wconf 84' lang='lat' dir='ltr'>extaret,</span> <span class='ocrx_word' id='word_1_476' title='bbox 1342 4195 1379 4248; x_wconf 89' lang='lat' dir='ltr'>ita</span> <span class='ocrx_word' id='word_1_477' title='bbox 1393 4196 1468 4248; x_wconf 89' lang='lat' dir='ltr'>iuter·</span> 
     </span>
     <span class='ocr_line' id='line_1_46' title="bbox 318 4278 1468 4354; baseline 0 -20"><span class='ocrx_word' id='word_1_478' title='bbox 318 4281 412 4354; x_wconf 87' lang='lat' dir='ltr'>pretati</span> <span class='ocrx_word' id='word_1_479' title='bbox 423 4286 495 4346; x_wconf 89' lang='lat' dir='ltr'>sunt,</span> <span class='ocrx_word' id='word_1_480' title='bbox 508 4279 583 4350; x_wconf 86' lang='lat' dir='ltr'>quasi</span> <span class='ocrx_word' id='word_1_481' title='bbox 594 4278 749 4349; x_wconf 86' lang='lat' dir='ltr'>descriptam</span> <span class='ocrx_word' id='word_1_482' title='bbox 760 4279 787 4331; x_wconf 91' lang='lat' dir='ltr'>in</span> <span class='ocrx_word' id='word_1_483' title='bbox 799 4279 957 4332; x_wconf 88' lang='lat' dir='ltr'>membranis</span> <span class='ocrx_word' id='word_1_484' title='bbox 968 4278 1055 4350; x_wconf 84' lang='lat' dir='ltr'>legem</span> <span class='ocrx_word' id='word_1_485' title='bbox 1066 4278 1225 4332; x_wconf 84' lang='lat' dir='ltr'>otirontibns</span> <span class='ocrx_word' id='word_1_486' title='bbox 1230 4280 1364 4350; x_wconf 78' lang='lat' dir='ltr'>alligatam</span> <span class='ocrx_word' id='word_1_487' title='bbox 1374 4279 1468 4351; x_wconf 82' lang='lat' dir='ltr'>gestari</span> 
     </span>
     <span class='ocr_line' id='line_1_47' title="bbox 318 4364 1468 4440; baseline 0.001 -21"><span class='ocrx_word' id='word_1_488' title='bbox 318 4367 484 4440; x_wconf 88' lang='lat' dir='ltr'>praeciperet.</span> <span class='ocrx_word' id='word_1_489' title='bbox 514 4365 642 4430; x_wconf 84' lang='lat' dir='ltr'>Quocirca</span> <span class='ocrx_word' id='word_1_490' title='bbox 660 4364 725 4419; x_wconf 87' lang='lat' dir='ltr'>haee</span> <span class='ocrx_word' id='word_1_491' title='bbox 739 4365 826 4436; x_wconf 88' lang='lat' dir='ltr'>opinio</span> <span class='ocrx_word' id='word_1_492' title='bbox 841 4365 993 4435; x_wconf 73' lang='lat' dir='ltr'>Hieronymi</span> <span class='ocrx_word' id='word_1_493' title='bbox 1008 4364 1058 4418; x_wconf 85' lang='lat' dir='ltr'>iuit</span> <span class='ocrx_word' id='word_1_494' title='bbox 1076 4364 1179 4418; x_wconf 88' lang='lat' dir='ltr'>nullum</span> <span class='ocrx_word' id='word_1_495' title='bbox 1193 4364 1301 4419; x_wconf 86' lang='lat' dir='ltr'>iudaeos</span> <span class='ocrx_word' id='word_1_496' title='bbox 1321 4366 1468 4420; x_wconf 87' lang='lat' dir='ltr'>mandatum</span> 
     </span>
     <span class='ocr_line' id='line_1_48' title="bbox 318 4449 1467 4523; baseline -0.001 -17"><span class='ocrx_word' id='word_1_497' title='bbox 318 4451 440 4507; x_wconf 82' lang='lat' dir='ltr'>habuisse</span> <span class='ocrx_word' id='word_1_498' title='bbox 456 4451 488 4504; x_wconf 90' lang='lat' dir='ltr'>de</span> <span class='ocrx_word' id='word_1_499' title='bbox 503 4450 667 4522; x_wconf 74' lang='lat' dir='ltr'>phylacteriis</span> <span class='ocrx_word' id='word_1_500' title='bbox 678 4467 709 4504; x_wconf 89' lang='lat' dir='ltr'>ac</span> <span class='ocrx_word' id='word_1_501' title='bbox 725 4450 880 4504; x_wconf 80' lang='lat' dir='ltr'>frontalibus</span> <span class='ocrx_word' id='word_1_502' title='bbox 891 4451 1061 4516; x_wconf 87' lang='lat' dir='ltr'>membranis,</span> <span class='ocrx_word' id='word_1_503' title='bbox 1081 4449 1127 4504; x_wconf 91' lang='lat' dir='ltr'>sed</span> <span class='ocrx_word' id='word_1_504' title='bbox 1142 4467 1227 4504; x_wconf 89' lang='lat' dir='ltr'>crasse</span> <span class='ocrx_word' id='word_1_505' title='bbox 1238 4451 1296 4504; x_wconf 89' lang='lat' dir='ltr'>iilos</span> <span class='ocrx_word' id='word_1_506' title='bbox 1312 4457 1339 4506; x_wconf 87' lang='lat' dir='ltr'>et</span> <span class='ocrx_word' id='word_1_507' title='bbox 1352 4451 1467 4523; x_wconf 87' lang='lat' dir='ltr'>imperita</span> 
     </span>
     <span class='ocr_line' id='line_1_49' title="bbox 319 4535 1467 4608; baseline -0.002 -16"><span class='ocrx_word' id='word_1_508' title='bbox 319 4537 436 4592; x_wconf 80' lang='lat' dir='ltr'>diuinum</span> <span class='ocrx_word' id='word_1_509' title='bbox 450 4537 578 4592; x_wconf 88' lang='lat' dir='ltr'>monitum</span> <span class='ocrx_word' id='word_1_510' title='bbox 593 4537 731 4606; x_wconf 86' lang='lat' dir='ltr'>accepisse.</span> <span class='ocrx_word' id='word_1_511' title='bbox 753 4535 837 4600; x_wconf 88' lang='lat' dir='ltr'>Quam</span> <span class='ocrx_word' id='word_1_512' title='bbox 853 4539 887 4591; x_wconf 92' lang='lat' dir='ltr'>ob</span> <span class='ocrx_word' id='word_1_513' title='bbox 899 4553 1018 4592; x_wconf 69' lang='lat' dir='ltr'>cromam</span> <span class='ocrx_word' id='word_1_514' title='bbox 1030 4537 1153 4590; x_wconf 83' lang='lat' dir='ltr'>acerrime</span> <span class='ocrx_word' id='word_1_515' title='bbox 1164 4553 1181 4589; x_wconf 84' lang='lat' dir='ltr'>a</span> <span class='ocrx_word' id='word_1_516' title='bbox 1192 4535 1323 4607; x_wconf 83' lang='lat' dir='ltr'>Scaligero</span> <span class='ocrx_word' id='word_1_517' title='bbox 1334 4535 1467 4608; x_wconf 90' lang='lat' dir='ltr'>reprehen-</span> 
     </span>
     <span class='ocr_line' id='line_1_50' title="bbox 319 4620 1467 4696; baseline -0.002 -16"><span class='ocrx_word' id='word_1_518' title='bbox 319 4639 366 4679; x_wconf 87' lang='lat' dir='ltr'>sus</span> <span class='ocrx_word' id='word_1_519' title='bbox 377 4627 429 4690; x_wconf 85' lang='lat' dir='ltr'>est,</span> <span class='ocrx_word' id='word_1_520' title='bbox 440 4623 486 4693; x_wconf 87' lang='lat' dir='ltr'>qui</span> <span class='ocrx_word' id='word_1_521' title='bbox 495 4637 530 4677; x_wconf 83' lang='lat' dir='ltr'>ex</span> <span class='ocrx_word' id='word_1_522' title='bbox 540 4621 605 4693; x_wconf 89' lang='lat' dir='ltr'>ipsis</span> <span class='ocrx_word' id='word_1_523' title='bbox 616 4622 683 4692; x_wconf 78' lang='lat' dir='ltr'>legis</span> <span class='ocrx_word' id='word_1_524' title='bbox 693 4621 779 4677; x_wconf 80' lang='lat' dir='ltr'>serbis</span> <span class='ocrx_word' id='word_1_525' title='bbox 790 4627 892 4693; x_wconf 78' lang='lat' dir='ltr'>pugnat</span> <span class='ocrx_word' id='word_1_526' title='bbox 904 4623 933 4678; x_wconf 92' lang='lat' dir='ltr'>in</span> <span class='ocrx_word' id='word_1_527' title='bbox 942 4620 1056 4680; x_wconf 79' lang='lat' dir='ltr'>Eienoho</span> <span class='ocrx_word' id='word_1_528' title='bbox 1067 4636 1124 4693; x_wconf 90' lang='lat' dir='ltr'>cap.</span> <span class='ocrx_word' id='word_1_529' title='bbox 1137 4637 1193 4677; x_wconf 79' lang='lat' dir='ltr'>ern.</span> <span class='ocrx_word' id='word_1_530' title='bbox 1204 4636 1237 4677; x_wconf 86' lang='lat' dir='ltr'>aa</span> <span class='ocrx_word' id='word_1_531' title='bbox 1246 4622 1302 4694; x_wconf 89' lang='lat' dir='ltr'>ipsa</span> <span class='ocrx_word' id='word_1_532' title='bbox 1312 4621 1467 4696; x_wconf 72' lang='lat' dir='ltr'>phylacteria</span> 
     </span>
    </p>
   </div>
   <div class='ocr_carea' id='block_1_5' title="bbox 0 0 1616 5152">
    <p class='ocr_par' dir='ltr' id='par_1_7' title="bbox 0 0 1616 5152">
     <span class='ocr_line' id='line_1_51' title="bbox 0 0 1616 5152; baseline 0 0"><span class='ocrx_word' id='word_1_533' title='bbox 0 0 1616 5152; x_wconf 95' lang='lat' dir='ltr'> </span> 
     </span>
    </p>
   </div>
  </div>
 </body>
</html>
