3216 5152
342 363 397 422 XX

343 518 466 589 concipit:
489 519 618 582 eddom,
634 518 733 588 inquit,
748 535 794 570 rer
810 517 973 585 Assyriorum
988 519 1058 569 ciros
1074 518 1105 570 de
1121 515 1265 583 Babylone,
1281 523 1306 568 et
1321 517 1352 568 ds
1366 513 1449 579 Grata
1463 527 1483 570 rt

343 608 374 658 de
390 605 480 668 Heca,
498 607 568 657 etde
584 603 693 667 Emath,
716 613 740 656 et
755 605 785 656 de
801 601 980 672 sepharvaim.
1010 600 1108 656 Graece
1125 601 1174 656 ita:
1198 599 1243 652 Καὶ
1260 598 1286 651 ἐκ
1302 599 1378 670 xott,
1395 599 1430 652 acl
1442 598 1482 652 huri

343 688 441 757 Ἀουὰν,
458 689 498 740 ael
514 687 562 741 ἀπὸ
575 685 666 758 siper,
684 687 724 740 aul
740 685 788 740 ἀπὸ
801 687 985 758 Σεμφαρουαίμ.
1015 686 1088 750 Quod
1105 687 1138 740 ad
1150 685 1296 740 Chulhaeos
1314 687 1412 750 attinet,
1426 686 1483 738 lose·

342 775 408 846 phos
425 775 443 828 l.
461 793 496 828 rx.
514 773 638 845 Ἀρχαιαλ.
663 790 685 826 o.
701 791 759 838 xrv,
786 771 920 826 aGhutha
936 772 1047 826 Persidis
1069 773 1175 842 regione
1202 777 1227 824 et
1247 771 1398 842 cognomine
1417 768 1484 824 hurio

342 861 491 914 nominatos
503 860 624 914 affimat.
651 857 716 912 Vide
727 859 811 912 Etiam
822 856 979 923 Thisbitem,
990 859 1117 912 vocabulo
1129 862 1201 918 iffi·
1224 857 1264 910 Ab
1274 857 1306 910 iia
1315 855 1389 921 nihil,
1400 857 1485 926 opinor,

342 945 629 1016 decimamtertiam,
647 945 707 998 licet
718 942 878 1014 Epiphanius
890 951 1019 1008 secernat,
1036 944 1087 996 nisi
1099 943 1157 1012 quis
1168 940 1316 1012 Aipatalooc
1327 943 1381 994 eins
1392 942 1444 994 loco
1453 957 1486 993 ra·

341 1031 491 1100 ponendum
503 1037 613 1084 censeat.
634 1029 702 1083 Nam
713 1045 760 1100 pro
773 1027 983 1099 Ἀναγωγαναίους
994 1029 1104 1082 fortasse
1117 1027 1273 1088 Ἀουαναίους
1284 1027 1376 1080 melius
1386 1026 1439 1090 erit,
1448 1043 1486 1095 pro

341 1117 465 1180 Heraeis3
478 1133 538 1170 cnm
548 1133 602 1169 ιιι
613 1112 702 1166 'honae
718 1115 840 1170 scribant.
864 1116 898 1167 At
910 1113 1026 1184 Scaliger
1037 1111 1167 1184 Ἀνάγνους
1178 1113 1295 1174 Γαναῑους
1305 1113 1358 1184 leg.
1368 1112 1487 1176 ariolatun

343 1203 404 1271 quia
420 1192 491 1262 'ttius
507 1207 570 1254 sunt
585 1197 700 1270 ἄναγνοι,
720 1201 842 1255 obscoeni.
870 1199 967 1254 Verum
983 1199 1116 1254 nationum
1134 1197 1177 1252 hic
1192 1199 1312 1264 nomina,
1333 1213 1385 1252 uon
1399 1213 1489 1252 morum

342 1303 373 1340 ac
384 1287 507 1340 vitiorum
518 1286 623 1357 propria
634 1291 877 1342 commemorantur.

409 1369 519 1443 Ἕσδραν
532 1369 584 1424 τινα
595 1369 677 1442 ἱερέα]
701 1371 811 1426 llirifica
821 1387 907 1425 rerum
920 1375 1115 1441 temporumque
1125 1369 1293 1440 perturbatio.
1316 1368 1421 1422 Esdram
1429 1383 1489 1421 assc-

275 1451 278 1458 ’
342 1459 376 1512 rit
387 1474 403 1510 a
413 1456 599 1511 Nabuchodon.
616 1458 739 1522 missum,
751 1458 798 1528 qui
808 1457 941 1511 Samariae
952 1456 1093 1526 inquilinos
1105 1456 1187 1510 Moris
1199 1457 1285 1526 legem
1296 1454 1408 1520 doceret,
1424 1451 1489 1522 idque

343 1561 411 1597 anno
427 1561 481 1596 xxx
497 1542 673 1613 Babylonicae
690 1541 847 1613 captivitatis
864 1541 996 1596 accidisse.
1025 1541 1083 1595 Non
1101 1539 1201 1594 ridetur
1218 1542 1329 1595 alterum
1346 1539 1448 1594 Esdram
1461 1539 1488 1592 ab

343 1647 373 1682 eo
395 1629 553 1683 intellexisse
576 1629 620 1698 qui
636 1627 757 1682 llecaliae
778 1627 848 1682 lilius
864 1627 930 1698 legia
946 1627 1033 1680 scriba
1048 1626 1147 1680 dicitnr.
1182 1625 1233 1679 Sed
1255 1625 1337 1680 alium
1358 1631 1452 1690 minen,
1471 1625 1489 1676 ri

342 1731 433 1768 verum
444 1714 572 1778 illudam,
591 1718 692 1784 oportet
702 1713 792 1768 luisse.
820 1713 879 1767 Non
891 1713 1005 1767 melioris
1018 1721 1057 1766 cst
1071 1717 1162 1776 uotae,
1178 1711 1247 1782 quod
1258 1712 1436 1776 Israelin‘cam,
1448 1709 1489 1764 hoo

341 1806 408 1852 estn
425 1801 540 1864 tribuum
557 1799 745 1869 captivitatem,
763 1816 822 1852 oum
840 1800 921 1852 altera
936 1797 1082 1862 contundit,
1100 1813 1167 1868 quae
1184 1797 1233 1850 sub
1244 1797 1429 1852 Nabuchodon.
1439 1813 1489 1850 con·

341 1886 409 1955 tigit.
439 1884 505 1948 Quid
521 1884 591 1938 enim
605 1884 675 1938 aliud
691 1884 776 1940 tacere
791 1885 877 1955 potnit
892 1885 938 1955 qui
953 1882 1139 1940 Nabuchodon.
1156 1883 1267 1938 eundem
1283 1899 1344 1938 cum
1355 1882 1489 1938 sauma·

342 1987 400 2026 saro
413 1972 600 2026 constitueret?

644 2123 690 2178 AD
707 2123 875 2178 HAEEESIN
894 2123 1195 2179 SthEIThNORUM.
1285 2167 1290 2174 .

407 2229 540 2283 Hactenus
555 2233 641 2282 sectas
656 2227 731 2292 illae,
751 2243 817 2297 qnae
838 2229 879 2280 rel
899 2233 960 2281 ante
980 2228 1134 2299 scripturam
1149 2226 1289 2282 extiterunt
1307 2227 1352 2280 rel
1369 2225 1489 2296 gentilium

341 2313 412 2367 inere
428 2315 555 2384 propriae.
588 2312 738 2383 Sequuntur
758 2329 803 2366 eae
825 2329 890 2383 quae
905 2317 1037 2383 utcunque
1052 2314 1192 2384 scripturas
1209 2319 1367 2383 usurpantes
1382 2310 1490 2380 multipli-

341 2401 416 2452 cibus
427 2417 485 2452 sese
497 2399 624 2452 erroribus
635 2399 808 2468 implicarunt.
835 2398 951 2463 Quarum
963 2399 1014 2452 duo
1026 2399 1113 2469 capita
1122 2405 1196 2464 sunt,
1209 2398 1355 2452 Samaritae
1366 2413 1397 2452 ac
1406 2395 1490 2450 ludaei

342 2485 565 2538 Samaritanorum
581 2481 636 2535 καθ’
654 2481 814 2552 ὑποδιαίρεσιν
830 2483 956 2538 factiones
972 2490 1032 2538 snut
1050 2502 1088 2549 ιν,
1105 2483 1259 2538 ludaeorum
1270 2502 1315 2538 νιν.
1347 2479 1492 2537 Samaritani

343 2575 405 2624 sunt
415 2569 520 2634 meni,
534 2568 671 2633 Gortbeni,
682 2567 807 2635 Sebuaai,
819 2567 948 2632 Dosithei;
967 2568 1121 2623 ludaeorum
1130 2570 1270 2634 Sadoomt,
1284 2570 1403 2635 Scribas,
1416 2567 1491 2622 Phari·

342 2656 409 2720 saei,
424 2639 676 2725 Hemerobaptistae,
688 2653 824 2718 Narmaei,
837 2653 942 2719 Osseni,
954 2653 1100 2710 Herodiani.
1127 2655 1197 2710 Haec
1209 2654 1384 2726 Epiphauins;
1401 2655 1455 2725 qui,
1468 2657 1492 2706 ut

341 2742 406 2796 alias
418 2755 506 2811 saepe,
523 2742 561 2794 sio
576 2741 604 2794 in
620 2739 714 2793 harum
729 2745 857 2793 sectarum
871 2739 1009 2810 partitione
1026 2756 1057 2794 ao
1071 2740 1241 2812 descriptione
1253 2757 1367 2812 aequum
1377 2740 1458 2810 magis
1467 2753 1492 2790 ac

341 2827 484 2896 benignum
501 2843 578 2896 quam
596 2831 746 2879 accuratum
765 2831 792 2879 et
807 2841 925 2880 severum
940 2827 1063 2879 lectorem
1083 2827 1174 2896 exigit.
1209 2827 1342 2882 Permulta
1359 2827 1427 2880 enim
1442 2824 1492 2878 irtic

339 2912 419 2978 rans,
430 2913 588 2983 minimeque
600 2910 764 2966 cohaerentia
774 2911 902 2981 disputat;
915 2927 982 2982 qnae
992 2928 1038 2965 nos
1050 2911 1285 2977 invitissimum,
1297 2929 1346 2982 pro
1358 2929 1390 2968 eo
1402 2927 1431 2966 ac
1442 2927 1492 2964 san·

340 2998 506 3052 ctissimiriri
516 2998 640 3068 pietatem
648 2996 871 3067 eruditionemque
880 3013 1041 3062 veneramur,
1053 2998 1098 3051 sed
1109 2999 1255 3052 necessario
1266 3004 1356 3052 umen
1364 3013 1457 3061 eruere,
1468 3011 1492 3048 ar

267 3122 273 3134 .
307 3119 313 3133 .
340 3101 373 3137 ne
384 3084 469 3137 baudi
480 3084 603 3155 cuiquam
615 3084 678 3147 rint,
695 3083 824 3153 castigare
841 3081 986 3138 debuimus.
1011 3083 1175 3154 Hegesippos
1191 3101 1268 3154 porro
1280 3085 1351 3155 apud
1363 3083 1493 3140 Eusebium

339 3171 356 3223 1.
369 3187 393 3223 ν.
406 3186 462 3240 cap.
473 3187 537 3224 narr.
560 3168 712 3222 ludaeorum
723 3175 807 3222 sectas
819 3183 973 3238 percenseas
985 3168 1163 3224 Samaritanos
1173 3169 1240 3224 inter
1250 3171 1309 3224 illas
1322 3171 1419 3225 retulit
1435 3169 1493 3222 Sunt

341 3261 427 3309 autem
442 3255 520 3308 istae:
538 3254 639 3320 Essaei,
663 3253 785 3319 Galilaei,
805 3253 1057 3324 llcmcrobaptistae,
1074 3254 1247 3322 Mmbothaei,
1263 3255 1423 3322 Samaritae,
1439 3251 1492 3309 Sad-

340 3341 443 3406 ducasi,
453 3338 592 3393 Pharisaei.

406 3425 438 3479 N.
450 3443 467 3479 r.
494 3423 682 3496 ‘Eppquo'ormc
694 3423 721 3478 tt
732 3424 900 3496 Σαμαρεῖται]
926 3425 985 3478 Non
1003 3425 1079 3480 ouius
1090 3424 1228 3498 Epiphauii
1248 3433 1288 3480 est
1304 3429 1392 3482 otiosa
1406 3427 1452 3481 illa
1467 3440 1493 3478 ac

340 3512 418 3564 nimis
436 3515 529 3582 arguta
538 3511 614 3564 ⁴vocis
630 3511 815 3580 interpretatio.
844 3510 929 3564 Paene
941 3527 1032 3565 omnes
1044 3513 1144 3583 antiqui
1154 3518 1209 3566 tam
1222 3512 1316 3568 Graeci
1326 3529 1407 3584 qnam
1418 3511 1493 3568 Latini

341 3615 399 3651 eam
415 3597 530 3666 amplexi
544 3603 618 3660 sunt,
641 3611 671 3649 ac
686 3595 809 3650 mirificas
826 3613 859 3648 ex
875 3613 907 3650 aa
922 3597 1062 3652 sentmtias
1079 3598 1260 3668 procuderant.
1291 3599 1344 3654 Sed
1360 3598 1493 3654 accuratior

341 3683 461 3737 omnibus
473 3679 632 3753 Epiphanius
642 3687 742 3746 noster,
755 3682 802 3751 qui
811 3681 849 3736 ita
858 3699 1023 3736 communem
1032 3683 1104 3737 illam
1119 3684 1217 3750 attulit,
1229 3689 1258 3737 ut
1267 3686 1395 3740 rariorem
1407 3701 1434 3740 ao
1444 3699 1494 3754 gar·

339 3785 445 3824 menam
456 3785 509 3821 uon
521 3767 684 3837 praeterirem
697 3783 764 3836 quae
776 3772 816 3820 est
826 3767 870 3820 lib.
884 3785 921 3822 nr.
933 3768 999 3839 lteg.
1012 3784 1069 3839 cap.
1080 3787 1133 3836 avr,
1146 3769 1185 3824 24.

408 3853 457 3920 Τὴν
470 3857 511 3905 νῦν
523 3851 650 3921 Ἰουδαίαν,
663 3850 845 3922 ἣΣαμὰρειαν]
865 3852 1057 3924 Saepenumero
1068 3853 1118 3910 hoo
1129 3855 1254 3921 inculcat,
1272 3856 1356 3912 cmm
1371 3859 1399 3910 in
1415 3855 1493 3910 naurs

339 3936 381 3994 s'ui
391 3939 583 4012 possessionem
598 3937 726 3990 invasisse
742 3953 772 3991 ac
784 3936 907 3993 iudaeam
919 3955 1072 4011 occuparem
1087 3940 1160 3996 cuius
1170 3958 1245 4012 pars,
1260 3942 1337 3998 latios
1350 3942 1445 3996 ditiora
1454 3957 1493 3995 ro

339 4027 425 4081 cabuli
435 4024 555 4091 notione,
566 4022 685 4078 Samaria
695 4022 753 4076 init

407 4107 455 4162 Ἔν
467 4127 492 4161 τι
503 4114 548 4162 τοῦ
560 4108 687 4180 φυλάττειν
699 4106 742 4176 τὴν
754 4111 821 4179 γῆν]
850 4108 951 4164 Primus
963 4111 1013 4165 hoc
1023 4111 1152 4166 Eusebius
1163 4113 1191 4166 in
1203 4112 1336 4168 Ghronicis
1351 4113 1466 4185 scripsit;
1479 4127 1495 4163 a

341 4213 392 4266 quo
405 4201 537 4250 mutuatus
549 4200 590 4250 eat
599 4193 772 4265 Epiphaniam
790 4195 813 4248 si
824 4194 888 4250 hacc
904 4202 993 4251 tarum
1003 4197 1119 4264 Eusebii,
1136 4215 1189 4254 non
1206 4199 1357 4270 Hieronymi
1369 4205 1438 4264 sunt,
1454 4197 1494 4268 qui

339 4281 486 4336 istiusmodi
501 4282 601 4351 origine
618 4280 722 4350 saepius
738 4280 808 4335 lusit
837 4281 903 4336 linio
914 4281 1075 4354 Epiphanius
1091 4301 1145 4338 non
1156 4284 1240 4339 bellae
1251 4287 1364 4340 nominis
1375 4287 1494 4355 intorprc·

340 4368 432 4422 tattoni
447 4367 599 4422 deteriorem
616 4365 711 4437 adjecit
723 4367 842 4432 alteram,
859 4367 1002 4424 Samarites
1019 4371 1053 4424 ob
1065 4369 1092 4424 id
1104 4372 1247 4442 appellatos
1259 4387 1317 4426 esse
1333 4371 1404 4443 quod
1414 4371 1495 4441 legem

340 4453 505 4510 custodirent.

407 4537 438 4592 ll.
450 4555 478 4592 rr.
495 4535 537 4590 Ἐν
549 4542 586 4610 τῷ
599 4529 648 4607 'c'pa
659 4541 696 4608 τῷ
708 4533 775 4608 παρὰ
786 4539 837 4600 ταῖς
849 4538 975 4610 rapitur]
998 4538 1035 4594 De
1048 4540 1158 4596 duorum
1170 4545 1298 4599 montium
1309 4545 1431 4610 istorum,
1447 4541 1495 4598 Ga·

339 4623 616 4682 marturiense
633 4623 728 4690 Sebal,
749 4626 801 4679 sita
817 4623 888 4683 idem
901 4627 981 4682 sentit
1000 4625 1162 4699 Epiphanius
1179 4630 1249 4702 quod
1265 4631 1406 4698 Eusebius,
1431 4631 1455 4686 si
1474 4629 1495 4682 is
