3252 5158
1191 397 1256 456 GOV

104 555 149 608 bus
157 551 341 618 sdstriuxisse,
352 569 412 607 cum
421 551 572 623 capitalium
582 553 708 607 scelernm
717 552 980 624 rei,preesertimque
987 551 1079 618 ιιιιιιιι,
1088 551 1257 618 idololatriae,

103 637 229 694 homicidii
241 645 267 692 et
277 638 397 692 sdulterii
407 639 484 704 olim,
495 644 526 692 ut
536 639 702 692 Innocentius
714 638 802 702 docet,
814 639 945 692 communi
956 638 1142 692 conmotudiue
1153 639 1257 692 reniam

103 724 196 778 nullsn
208 731 234 777 et
245 725 436 778 absolutionem
448 724 607 788 obtinerent;
623 739 677 777 non
694 723 763 792 qnod
780 723 881 778 absolvi
896 724 930 776 eb
946 723 1055 776 ecclesia
1070 739 1124 777 uon
1140 729 1257 794 possent,

104 809 307 864 utTertullianus
316 809 461 874 asserebat,
470 809 517 863 sed
525 810 594 880 quod
604 810 672 875 eius,
681 824 761 878 quem
770 809 959 879 amplissimam
968 806 1092 862 aOhristo
1101 815 1257 879 susceperat,

102 901 212 964 potestas
223 911 303 948 usum
314 895 392 948 certis
402 894 501 948 finibus
513 894 753 964 circunscripslsset

164 980 229 1034 Huic
241 985 295 1054 tem
307 985 454 1051 compertae
466 981 667 1051 exploratasque
679 979 811 1034 doctrinae
822 980 908 1033 nullos
920 981 1004 1034 aerius
1015 985 1206 1050 repugneturos
1217 979 1258 1034 iu·

102 1064 186 1135 telligo
198 1081 278 1135 qnam
289 1066 335 1135 qui
347 1065 509 1135 antiquitatis
521 1065 710 1119 ecclesiastices
721 1065 808 1118 miuus
819 1065 897 1134 periti
906 1065 999 1119 veteris
1011 1066 1136 1120 ecciesiae
1145 1063 1258 1118 formem

102 1147 228 1204 hodiernis
238 1151 332 1204 ritihus
343 1151 521 1220 institutisque
532 1151 686 1216 metiuntur,
699 1150 793 1220 quibus
805 1165 928 1220 asperum
936 1156 962 1204 et
970 1149 1142 1204 inhnmanum
1149 1150 1258 1216 videtur,

103 1233 197 1290 homini
207 1236 268 1300 ulli,
280 1237 325 1306 qni
336 1237 469 1290 commissi
480 1237 594 1290 oriminis
606 1235 724 1290 dolorem
735 1251 766 1288 se
775 1236 962 1306 poenitentiam
970 1252 1032 1306 prus
1041 1253 1071 1289 se
1078 1235 1157 1300 leret,
1167 1249 1258 1306 pscem

103 1325 126 1373 et
137 1320 326 1374 absolutionem
337 1321 468 1390 denegari.
487 1321 560 1386 Quod
572 1321 658 1392 ipsum
668 1324 757 1374 tamen
769 1321 832 1374 elim
844 1327 914 1374 certo
925 1321 953 1374 iu
961 1319 1096 1374 bominum
1109 1322 1258 1374 omninum·

103 1420 149 1474 qne
160 1421 255 1475 genere
267 1405 489 1460 serratumiuisse
500 1407 595 1460 totilla
606 1405 731 1460 hacteuus
743 1407 821 1460 alluta
831 1407 982 1460 moinonis
992 1405 1180 1460 demonstrant.
1196 1405 1258 1470 Qui·

103 1489 147 1542 bns
163 1507 244 1544 unum
262 1491 405 1545 alterumve
422 1491 454 1545 sd
472 1493 604 1546 cumulum
621 1491 740 1556 accedet,
757 1497 787 1544 nt
802 1491 844 1544 rel
860 1491 893 1544 ab
904 1491 994 1545 inritis
1005 1507 1143 1546 asomum
1153 1507 1195 1546 res
1207 1493 1259 1545 ists

102 1580 234 1629 merentur.
266 1577 305 1628 Ao
320 1577 433 1647 primum
444 1577 513 1630 idem
525 1593 578 1630 non
590 1577 698 1630 obscure
711 1575 855 1646 Cyprianus
867 1575 965 1630 iudicat
975 1575 1094 1647 Epistola
1104 1595 1162 1632 arn.
1191 1575 1258 1630 Cum

103 1661 167 1714 enim
177 1661 244 1732 lepsi
255 1660 361 1730 quidem
372 1661 472 1716 libellos
490 1661 675 1730 amartyribns
691 1663 886 1731 impetrassent,
903 1663 998 1732 quibua
1014 1661 1074 1716 irati
1088 1663 1168 1733 recipi
1185 1678 1214 1715 ss
1230 1663 1258 1716 in

103 1746 220 1799 ecclesiae
237 1747 450 1800 communionem
460 1747 626 1818 impatienter
641 1752 773 1817 peterent,
789 1747 924 1800 tumuitus
936 1763 967 1800 ea
979 1746 1010 1800 de
1023 1763 1051 1800 re
1063 1747 1209 1819 Opprienus
1220 1749 1259 1801 ita

103 1831 244 1885 constituit:
273 1831 305 1886 Ut
315 1837 358 1901 qut
369 1833 465 1886 iibeiies
477 1853 494 1886 u
505 1833 661 1901 martyribus
672 1843 837 1902 acceperunt,
855 1841 880 1885 et
886 1836 1080 1902 praeroqctios's
1092 1850 1175 1886 eorum
1187 1835 1259 1902 opud

104 1917 169 1968 deum
181 1911 431 1987 etsnartposcnue,
447 1923 472 1970 et
486 1921 639 1972 incommodo
652 1919 738 1988 aliquo
749 1927 772 1970 ct
782 1919 939 1987 infimitatis
945 1919 1064 1987 periculo
1074 1921 1259 1988 occupetifue·

102 2005 160 2065 rint,
171 2020 219 2054 non
230 2011 366 2072 atpectmo
371 2008 523 2072 promentia
535 2012 623 2056 nostru
635 2004 707 2072 aput
712 2003 888 2072 presbyteres
903 2017 1076 2071 quemcumque
1087 2013 1257 2072 prmaeutem,

102 2087 149 2150 cel,
165 2091 189 2138 ss'
201 2088 336 2156 presbyter
351 2097 467 2158 repertus
484 2091 634 2156 misterii,
652 2099 677 2142 et
690 2105 782 2157 erpere
798 2092 879 2140 esitus
895 2091 1018 2158 coeperit,
1035 2090 1108 2158 ipat
1124 2089 1259 2140 ιιιαοαιιιιιι

103 2187 191 2240 quoque
199 2176 290 2235 fucere
302 2173 500 2242 ndomoiopeein
512 2175 651 2228 delictionis·
662 2177 775 2242 possint,
790 2181 819 2224 et
833 2191 909 2225 mean
925 2177 963 2225 eia
976 2178 1004 2224 e'rs
1016 2177 1198 2242 poenitientiam
1212 2180 1259 2226 ess·

99 2261 193 2324 positu,
204 2261 310 2311 veniant
320 2260 357 2312 od
365 2260 489 2311 dominum
499 2275 636 2328 cumpace.
654 2257 710 2312 Hoc
720 2258 772 2310 iilis
784 2258 914 2310 duntaxat
925 2257 1071 2328 cypreum
1081 2258 1201 2323 indulsit,
1213 2259 1259 2327 qui

101 2339 197 2396 libellos
208 2358 225 2395 e
235 2343 395 2412 martyribus
408 2346 579 2414 accepissent,
594 2349 722 2408 caeteros,
739 2344 784 2413 qni
795 2344 859 2396 iisce
870 2343 966 2396 libeliis
977 2349 1105 2407 carerent,
1120 2349 1258 2414 expectare

103 2425 187 2482 tandiu
197 2429 287 2494 iussit,
299 2427 381 2484 donec
393 2430 516 2484 ecclesiae
527 2445 579 2500 psx
591 2434 660 2482 esset
670 2421 778 2482 reddita
796 2427 970 2492 Quamobrem
981 2445 1015 2482 ne
1025 2429 1054 2482 in
1062 2429 1194 2499 praesnti
1202 2429 1259 2498 qni-

104 2511 158 2566 dem
169 2515 261 2568 mortis
272 2513 420 2568 discrimine
431 2515 618 2586 posterioribus
629 2515 681 2568 illis
692 2531 783 2584 pacem
795 2513 893 2566 tribuit.
924 2514 1030 2583 Alioqui
1040 2512 1105 2567 nihil
1115 2514 1182 2568 intes
1193 2515 1258 2568 istos

103 2603 127 2650 et
136 2599 232 2668 priores
243 2601 393 2664 interesset,
404 2617 471 2670 quos
481 2606 570 2654 umen
582 2601 682 2654 meliori
694 2601 781 2670 eliqua
793 2599 939 2654 conditione
950 2600 990 2653 uti
1001 2600 1121 2670 oportuit
1143 2602 1178 2652 At
1188 2601 1259 2654 euim

103 2681 307 2756 exhomologesis
324 2685 393 2754 apud
411 2683 568 2757 cyprianum
585 2686 813 2749 sacramentalem,
830 2691 859 2738 nt
873 2689 980 2749 vocant,
997 2683 1188 2738 contessionem
1204 2701 1259 2742 nou

102 2768 243 2838 significat,
258 2785 343 2840 neque
354 2787 408 2840 pax
419 2771 602 2840 absolutioque
612 2770 659 2823 illa
668 2769 774 2841 perinde
785 2771 942 2824 sacramuti
952 2785 1013 2840 pars
1023 2768 1087 2834 init,
1103 2785 1164 2824 cam
1181 2771 1260 2824 etism
1284 2793 1306 2834 μ
1315 2781 1359 2824 rat

103 2853 234 2910 adiacono
246 2871 340 2910 manns
351 2856 451 2925 imponi
461 2857 563 2920 iubeat,
574 2856 625 2909 nisi
635 2856 781 2926 presbyteri
792 2855 865 2924 copie
878 2862 1033 2925 suppeteret.
1057 2853 1096 2907 lie
1107 2853 1259 2910 exhomolo-

102 2940 156 3007 gesi
166 2940 251 2996 dicens
262 2949 354 3012 postes
365 2941 492 3011 pluribus.
512 2940 586 3005 Quod
598 2939 631 2993 ad
643 2957 734 3010 pacem
745 2940 1031 3009 reconcilietionemque
1040 2941 1165 3010 pertinet,
1176 2941 1259 2994 scien·

103 3023 160 3079 dum
170 3033 210 3080 est
220 3025 351 3096 duplicem
362 3027 390 3080 in
402 3043 434 3079 ea
444 3031 545 3097 partem
557 3041 587 3079 sc
600 3027 670 3079 velot
685 3026 798 3079 fructum
815 3025 941 3079 extitisse.
975 3024 1042 3078 biam
1059 3031 1087 3078 et
1103 3041 1120 3076 a
1135 3027 1259 3096 peccam

102 3106 146 3164 hoc
158 3118 199 3164 est
207 3111 287 3182 culpe
298 3112 368 3182 ipsa,
380 3127 459 3181 quem
471 3111 593 3166 diuturna
602 3111 761 3181 poenitentis
769 3110 910 3174 diluerent,
922 3109 1131 3175 absolvebantur,
1142 3117 1169 3164 et
1180 3111 1208 3164 iu
1218 3111 1258 3165 iu-

102 3199 200 3264 tegrum
210 3197 326 3250 restituti
337 3197 370 3250 ed
380 3197 524 3266 perlectum
535 3213 595 3250 eum
607 3197 717 3249 ecclesie
727 3195 899 3264 fidelibusque
910 3195 1096 3248 commercium
1111 3205 1143 3248 te
1158 3195 1259 3252 ditinc-

101 3295 156 3334 rnm
165 3281 348 3350 mysteriorum
360 3283 569 3336 communionem
582 3279 777 3337 adhibebantur.

165 3366 232 3420 Cum
243 3367 324 3436 igitur
335 3368 369 3420 eb
381 3367 496 3420 antistite
504 3368 546 3420 sel
554 3366 689 3420 sacerdote
699 3381 791 3436 pscem
802 3366 962 3436 acciperent,
974 3371 1113 3437 unumque
1125 3367 1258 3422 morehsu·

102 3455 147 3506 tnr.
181 3451 230 3506 Sin
247 3452 320 3506 nulla
331 3451 495 3506 sacerdotum
507 3459 576 3506 esset
587 3458 717 3522 potestas,
734 3457 791 3504 tum
802 3451 926 3505 ecclesiae
937 3451 1117 3506 tantummodo
1128 3453 1259 3511 conciliati

103 3551 190 3603 pscem
198 3552 215 3589 a
224 3536 339 3592 diaconis
348 3537 528 3607 impetrabant,
538 3539 611 3592 euius
622 3538 754 3590 cumulum
763 3552 779 3589 a
787 3536 921 3590 sacerdote
928 3537 1094 3608 postmodum
1104 3538 1257 3593 obtinerent

104 3619 182 3684 Quare
195 3622 340 3694 Cyprianus
351 3623 447 3676 libellis
458 3629 601 3691 martyrum
612 3623 758 3692 praeditos,
769 3624 792 3674 si
803 3622 890 3676 miuus
903 3628 1057 3692 unumque,
1068 3624 1178 3676 aiterum
1190 3629 1258 3678 certe

103 3704 253 3762 bneficium
265 3708 391 3780 consequi·
400 3708 495 3772 voluit,
507 3724 558 3778 quo
571 3708 741 3762 eucharistiae
754 3708 847 3760 etitem
858 3715 992 3777 compotes
1002 3707 1061 3762 tisri
1071 3713 1185 3780 posseat
1207 3707 1258 3762 lie·

104 3805 149 3859 qne
159 3794 228 3846 enim
237 3793 386 3846 existimare
395 3793 469 3856 licet,
480 3792 507 3846 id
516 3792 585 3862 quod
594 3792 670 3846 hodie
679 3793 720 3857 tlt,
732 3793 803 3862 prins
812 3793 896 3846 illesa
907 3785 1021 3863 peccatis
1031 3794 1166 3848 absolutos
1178 3809 1258 3864 quam

103 3878 270 3944 poenitentia,
286 3877 335 3932 hoc
351 3883 391 3932 est
407 3893 545 3948 corporum
561 3878 653 3947 poenis
670 3893 701 3930 so
711 3879 838 3932 luctuosis
850 3877 969 3932 sordibus
981 3878 1106 3932 ecclesiae
1117 3879 1258 3934 satisiecis·

103 3967 163 4017 sent
185 3963 252 4016 Huic
264 3962 370 4027 affines,
385 3962 432 4016 sed
443 3963 559 4016 mitiores
570 3967 659 4016 umen
669 3964 783 4033 reliquae
794 3964 854 4016 illes
870 3979 1000 4017 canonum
1011 3964 1160 4018 mnedoues
1171 3979 1201 4018 ao
1212 3980 1258 4035 pa·

103 4052 167 4100 num
178 4048 281 4102 decreti
292 4055 366 4113 suut,
377 4063 444 4118 quae
453 4047 631 4119 peecatoribus
640 4049 772 4102 nonnullis
780 4055 932 4118 perpetuam
941 4049 1127 4119 poenitentium
1136 4049 1174 4102 ita
1184 4066 1257 4120 prae·

103 4133 228 4198 scribunt,
238 4148 374 4203 nunqnam
385 4139 415 4186 ut
426 4133 636 4186 communionem
647 4135 948 4204 reconciliationemque,
960 4134 1012 4186 nisi
1022 4133 1050 4186 in
1058 4133 1111 4187 flue
1120 4135 1188 4187 vitae
1199 4151 1257 4204 per-

104 4216 219 4286 ciperent.
238 4218 390 4272 Cuiusmodi
401 4226 462 4272 snut
474 4218 565 4272 basilii
575 4217 608 4270 ed
616 4216 825 4288 Amphilochium
835 4218 1006 4282 duumuiri,
1018 4220 1171 4286 Ancyreum
1180 4237 1257 4274 xxm.

103 4301 152 4356 iam
162 4319 180 4355 a
189 4304 265 4358 nohis
277 4305 359 4359 citati.
393 4303 501 4358 Accedit
514 4312 540 4357 et
551 4303 645 4356 Arene.
658 4320 675 4356 ι.
692 4303 782 4356 Cenon
794 4321 847 4356 xrs.
882 4303 923 4356 De
934 4303 974 4354 its
991 4307 1035 4373 qne·
1042 4305 1116 4372 feteo
1133 4315 1260 4360 semem

98 4390 195 4453 sinim
205 4407 263 4442 tuoe
268 4391 384 4459 placuit,
397 4407 438 4442 coa
446 4405 521 4458 neque
531 4391 568 4442 ad
575 4393 667 4442 mmm
675 4392 866 4442 commonstrare.
884 4387 1039 4442 Telethrium
1049 4401 1153 4460 quoque
1161 4407 1180 4443 r.
1192 4389 1255 4446 Gau·

104 4487 155 4526 m.
166 4474 265 4539 sanxit,
286 4473 318 4526 Ut
329 4478 442 4544 episcopt
453 4476 493 4526 oct
504 4475 688 4543 diuoons'fits'n,
699 4478 724 4526 ιιι1
732 4475 923 4541 dcootnfherit,
935 4479 1127 4544 etpeccoeerr't,
1142 4484 1168 4530 rt
1177 4481 1257 4530 nort·

105 4565 150 4610 tom
162 4561 262 4614 durtii
272 4569 327 4624 etc,
343 4564 368 4612 ει·
378 4564 475 4614 visente
486 4565 578 4614 memte
589 4562 732 4622 necareris,
749 4567 773 4612 et
783 4563 949 4628 poenituerit,
965 4561 1033 4614 netto
1049 4561 1121 4613 modo
1136 4564 1187 4614 neti
1201 4565 1256 4616 os'tu

105 4643 229 4711 deficiens,
241 4649 359 4716 acceptor
369 4649 569 4700 coementem.
604 4643 657 4700 set
672 4649 699 4699 et
708 4643 875 4717 Valentinum
890 4643 953 4699 (ian.
965 4662 1004 4704 rm.
1022 4645 1054 4700 ds
1064 4643 1097 4700 iis
1109 4650 1153 4716 que'
1162 4664 1189 4700 ee
1196 4657 1257 4718 post
