<?xml version="1.0" encoding="UTF-8"?>
<!DOCTYPE html PUBLIC "-//W3C//DTD XHTML 1.0 Transitional//EN"
    "http://www.w3.org/TR/xhtml1/DTD/xhtml1-transitional.dtd">
<html xmlns="http://www.w3.org/1999/xhtml" xml:lang="en" lang="en">
 <head>
  <title>
</title>
<meta http-equiv="Content-Type" content="text/html;charset=utf-8" />
  <meta name='ocr-system' content='tesseract 3.04.00' />
  <meta name='ocr-capabilities' content='ocr_page ocr_carea ocr_par ocr_line ocrx_word'/>
</head>
<body>
  <div class='ocr_page' id='page_1' title='image "./corporishaerese03unkngoog_0176.png"; bbox 0 0 3216 5152; ppageno 0'>
   <div class='ocr_carea' id='block_1_1' title="bbox 1237 385 1295 448">
    <p class='ocr_par' dir='ltr' id='par_1_1' title="bbox 1237 385 1295 448">
     <span class='ocr_line' id='line_1_1' title="bbox 1237 385 1295 448; baseline 0 0"><span class='ocrx_word' id='word_1_1' title='bbox 1237 385 1295 448; x_wconf 80' lang='lat' dir='ltr'><strong>nm</strong></span> 
     </span>
    </p>
   </div>
   <div class='ocr_carea' id='block_1_2' title="bbox 123 537 1371 4032">
    <p class='ocr_par' dir='ltr' id='par_1_2' title="bbox 128 537 1293 1363">
     <span class='ocr_line' id='line_1_2' title="bbox 196 537 1293 612; baseline 0.005 -20"><span class='ocrx_word' id='word_1_2' title='bbox 196 537 227 592; x_wconf 92' lang='lat' dir='ltr'><strong>N.</strong></span> <span class='ocrx_word' id='word_1_3' title='bbox 240 557 316 594; x_wconf 77' lang='lat' dir='ltr'><strong>xrrrr.</strong></span> <span class='ocrx_word' id='word_1_4' title='bbox 334 537 397 592; x_wconf 49' lang='lat' dir='ltr'><strong>&#39;ilai</strong></span> <span class='ocrx_word' id='word_1_5' title='bbox 410 557 434 592; x_wconf 83' lang='grc' dir='ltr'><strong>τε</strong></span> <span class='ocrx_word' id='word_1_6' title='bbox 447 541 592 609; x_wconf 59' lang='lat' dir='ltr'><strong>lietbertus]</strong></span> <span class='ocrx_word' id='word_1_7' title='bbox 619 541 746 612; x_wconf 76' lang='lat' dir='ltr'><strong>Corrupta</strong></span> <span class='ocrx_word' id='word_1_8' title='bbox 756 558 809 596; x_wconf 85' lang='lat' dir='ltr'><strong>rex</strong></span> <span class='ocrx_word' id='word_1_9' title='bbox 822 547 861 595; x_wconf 90' lang='lat' dir='ltr'><strong>est</strong></span> <span class='ocrx_word' id='word_1_10' title='bbox 874 541 1006 612; x_wconf 80' lang='grc' dir='ltr'>Ναβαιέας.</span> <span class='ocrx_word' id='word_1_11' title='bbox 1034 539 1124 611; x_wconf 88' lang='lat' dir='ltr'><strong>Neque</strong></span> <span class='ocrx_word' id='word_1_12' title='bbox 1136 543 1204 595; x_wconf 91' lang='lat' dir='ltr'><strong>enim</strong></span> <span class='ocrx_word' id='word_1_13' title='bbox 1221 543 1254 596; x_wconf 90' lang='lat' dir='ltr'><strong>iis</strong></span> <span class='ocrx_word' id='word_1_14' title='bbox 1265 543 1293 597; x_wconf 90' lang='lat' dir='ltr'><strong>in</strong></span> 
     </span>
     <span class='ocr_line' id='line_1_3' title="bbox 131 623 1292 698; baseline 0.005 -22"><span class='ocrx_word' id='word_1_15' title='bbox 131 623 192 676; x_wconf 88' lang='lat' dir='ltr'><strong>locis</strong></span> <span class='ocrx_word' id='word_1_16' title='bbox 203 623 325 678; x_wconf 79' lang='lat' dir='ltr'><strong>Nabatae</strong></span> <span class='ocrx_word' id='word_1_17' title='bbox 336 626 400 690; x_wconf 91' lang='lat' dir='ltr'><strong>ulla,</strong></span> <span class='ocrx_word' id='word_1_18' title='bbox 412 627 462 679; x_wconf 89' lang='lat' dir='ltr'><strong>nisi</strong></span> <span class='ocrx_word' id='word_1_19' title='bbox 474 626 557 680; x_wconf 81' lang='lat' dir='ltr'><strong>fallor.</strong></span> <span class='ocrx_word' id='word_1_20' title='bbox 575 625 726 680; x_wconf 86' lang='lat' dir='ltr'><strong>Nabathaea</strong></span> <span class='ocrx_word' id='word_1_21' title='bbox 738 627 854 698; x_wconf 86' lang='lat' dir='ltr'><strong>quidem,</strong></span> <span class='ocrx_word' id='word_1_22' title='bbox 866 628 921 680; x_wconf 86' lang='lat' dir='ltr'><strong>sive</strong></span> <span class='ocrx_word' id='word_1_23' title='bbox 930 627 1075 692; x_wconf 87' lang='lat' dir='ltr'><strong>Nabataea,</strong></span> <span class='ocrx_word' id='word_1_24' title='bbox 1087 627 1198 680; x_wconf 77' lang='lat' dir='ltr'><strong>Arabiae</strong></span> <span class='ocrx_word' id='word_1_25' title='bbox 1210 627 1292 682; x_wconf 80' lang='lat' dir='ltr'><strong>felicis</strong></span> 
     </span>
     <span class='ocr_line' id='line_1_4' title="bbox 130 710 1293 784; baseline 0.005 -22"><span class='ocrx_word' id='word_1_26' title='bbox 130 711 200 780; x_wconf 86' lang='lat' dir='ltr'><strong>regio</strong></span> <span class='ocrx_word' id='word_1_27' title='bbox 212 715 266 777; x_wconf 84' lang='lat' dir='ltr'><strong>est,</strong></span> <span class='ocrx_word' id='word_1_28' title='bbox 283 716 328 764; x_wconf 87' lang='lat' dir='ltr'><strong>aut</strong></span> <span class='ocrx_word' id='word_1_29' title='bbox 340 713 363 763; x_wconf 92' lang='lat' dir='ltr'><strong>ei</strong></span> <span class='ocrx_word' id='word_1_30' title='bbox 376 717 442 765; x_wconf 80' lang='lat' dir='ltr'><strong>certe</strong></span> <span class='ocrx_word' id='word_1_31' title='bbox 454 712 587 782; x_wconf 88' lang='lat' dir='ltr'><strong>proxima,</strong></span> <span class='ocrx_word' id='word_1_32' title='bbox 604 710 653 765; x_wconf 88' lang='lat' dir='ltr'><strong>hoc</strong></span> <span class='ocrx_word' id='word_1_33' title='bbox 671 717 710 764; x_wconf 87' lang='lat' dir='ltr'><strong>est</strong></span> <span class='ocrx_word' id='word_1_34' title='bbox 721 713 842 764; x_wconf 89' lang='lat' dir='ltr'><strong>Petraeae</strong></span> <span class='ocrx_word' id='word_1_35' title='bbox 853 729 921 783; x_wconf 88' lang='lat' dir='ltr'><strong>pars.</strong></span> <span class='ocrx_word' id='word_1_36' title='bbox 951 712 1035 776; x_wconf 87' lang='lat' dir='ltr'><strong>Quare</strong></span> <span class='ocrx_word' id='word_1_37' title='bbox 1052 729 1105 765; x_wconf 93' lang='lat' dir='ltr'><strong>non</strong></span> <span class='ocrx_word' id='word_1_38' title='bbox 1123 712 1212 765; x_wconf 92' lang='lat' dir='ltr'><strong>dubito</strong></span> <span class='ocrx_word' id='word_1_39' title='bbox 1229 715 1293 784; x_wconf 92' lang='lat' dir='ltr'><strong>quin</strong></span> 
     </span>
     <span class='ocr_line' id='line_1_5' title="bbox 129 795 1293 868; baseline 0.003 -20"><span class='ocrx_word' id='word_1_40' title='bbox 129 795 245 848; x_wconf 85' lang='lat' dir='ltr'><strong>Batanea</strong></span> <span class='ocrx_word' id='word_1_41' title='bbox 261 795 311 848; x_wconf 90' lang='lat' dir='ltr'><strong>hoc</strong></span> <span class='ocrx_word' id='word_1_42' title='bbox 328 797 384 849; x_wconf 93' lang='lat' dir='ltr'><strong>loco</strong></span> <span class='ocrx_word' id='word_1_43' title='bbox 401 798 540 867; x_wconf 86' lang='lat' dir='ltr'><strong>legendum</strong></span> <span class='ocrx_word' id='word_1_44' title='bbox 557 799 598 852; x_wconf 91' lang='lat' dir='ltr'><strong>sit.</strong></span> <span class='ocrx_word' id='word_1_45' title='bbox 635 797 706 861; x_wconf 87' lang='lat' dir='ltr'><strong>Quae</strong></span> <span class='ocrx_word' id='word_1_46' title='bbox 724 803 763 850; x_wconf 91' lang='lat' dir='ltr'><strong>est</strong></span> <span class='ocrx_word' id='word_1_47' title='bbox 774 797 866 866; x_wconf 80' lang='lat' dir='ltr'><strong>Syriae</strong></span> <span class='ocrx_word' id='word_1_48' title='bbox 883 798 955 868; x_wconf 80' lang='lat' dir='ltr'><strong>regio</strong></span> <span class='ocrx_word' id='word_1_49' title='bbox 972 798 1141 866; x_wconf 75' lang='lat' dir='ltr'><strong>Palmyrenae</strong></span> <span class='ocrx_word' id='word_1_50' title='bbox 1160 798 1246 851; x_wconf 78' lang='lat' dir='ltr'><strong>uicina</strong></span> <span class='ocrx_word' id='word_1_51' title='bbox 1267 805 1293 852; x_wconf 90' lang='lat' dir='ltr'><strong>et</strong></span> 
     </span>
     <span class='ocr_line' id='line_1_6' title="bbox 128 879 1293 953; baseline 0.005 -21"><span class='ocrx_word' id='word_1_52' title='bbox 128 879 252 946; x_wconf 81' lang='lat' dir='ltr'><strong>Paneadi3</strong></span> <span class='ocrx_word' id='word_1_53' title='bbox 264 881 381 947; x_wconf 72' lang='lat' dir='ltr'><strong>Ptolem,</strong></span> <span class='ocrx_word' id='word_1_54' title='bbox 395 881 483 953; x_wconf 86' lang='lat' dir='ltr'><strong>Steph.</strong></span> <span class='ocrx_word' id='word_1_55' title='bbox 496 883 620 935; x_wconf 78' lang='grc' dir='ltr'>Βατανέαν</span> <span class='ocrx_word' id='word_1_56' title='bbox 639 882 747 934; x_wconf 79' lang='grc' dir='ltr'>αονοιιιία</span> <span class='ocrx_word' id='word_1_57' title='bbox 760 881 860 952; x_wconf 72' lang='grc' dir='ltr'>Συρίας,</span> <span class='ocrx_word' id='word_1_58' title='bbox 873 882 887 949; x_wconf 82' lang='grc' dir='ltr'>ἡ</span> <span class='ocrx_word' id='word_1_59' title='bbox 901 883 940 934; x_wconf 72' lang='grc' dir='ltr'><strong>καὶ</strong></span> <span class='ocrx_word' id='word_1_60' title='bbox 953 882 1061 935; x_wconf 75' lang='grc' dir='ltr'>Βατανέα</span> <span class='ocrx_word' id='word_1_61' title='bbox 1073 881 1165 943; x_wconf 76' lang='grc' dir='ltr'>ἑνικῶς.</span> <span class='ocrx_word' id='word_1_62' title='bbox 1184 884 1254 936; x_wconf 83' lang='lat' dir='ltr'><strong>Adde</strong></span> <span class='ocrx_word' id='word_1_63' title='bbox 1267 891 1293 938; x_wconf 83' lang='lat' dir='ltr'><strong>et</strong></span> 
     </span>
     <span class='ocr_line' id='line_1_7' title="bbox 129 965 1292 1041; baseline 0.001 -21"><span class='ocrx_word' id='word_1_64' title='bbox 129 965 207 1037; x_wconf 77' lang='lat' dir='ltr'><strong>inOg</strong></span> <span class='ocrx_word' id='word_1_65' title='bbox 223 983 307 1036; x_wconf 86' lang='lat' dir='ltr'><strong>regno</strong></span> <span class='ocrx_word' id='word_1_66' title='bbox 325 967 413 1021; x_wconf 85' lang='lat' dir='ltr'><strong>inisse.</strong></span> <span class='ocrx_word' id='word_1_67' title='bbox 439 969 504 1022; x_wconf 88' lang='lat' dir='ltr'><strong>Hine</strong></span> <span class='ocrx_word' id='word_1_68' title='bbox 520 986 567 1039; x_wconf 91' lang='lat' dir='ltr'><strong>pro</strong></span> <span class='ocrx_word' id='word_1_69' title='bbox 585 985 614 1022; x_wconf 91' lang='lat' dir='ltr'><strong>eo</strong></span> <span class='ocrx_word' id='word_1_70' title='bbox 628 969 695 1038; x_wconf 91' lang='lat' dir='ltr'><strong>quod</strong></span> <span class='ocrx_word' id='word_1_71' title='bbox 708 968 817 1021; x_wconf 76' lang='lat' dir='ltr'><strong>Hebraei</strong></span> <span class='ocrx_word' id='word_1_72' title='bbox 831 968 972 1038; x_wconf 75' lang='lat' dir='ltr'>Graecique</span> <span class='ocrx_word' id='word_1_73' title='bbox 985 969 1026 1039; x_wconf 81' lang='lat' dir='ltr'><strong>ug</strong></span> <span class='ocrx_word' id='word_1_74' title='bbox 1042 983 1129 1038; x_wconf 85' lang='lat' dir='ltr'><strong>regern</strong></span> <span class='ocrx_word' id='word_1_75' title='bbox 1142 968 1228 1022; x_wconf 90' lang='lat' dir='ltr'><strong>Basau</strong></span> <span class='ocrx_word' id='word_1_76' title='bbox 1247 987 1292 1041; x_wconf 87' lang='lat' dir='ltr'><strong>ap-</strong></span> 
     </span>
     <span class='ocr_line' id='line_1_8' title="bbox 128 1051 1290 1142; baseline 0.005 -38"><span class='ocrx_word' id='word_1_77' title='bbox 128 1053 238 1124; x_wconf 87' lang='lat' dir='ltr'><strong>pellant,</strong></span> <span class='ocrx_word' id='word_1_78' title='bbox 251 1051 398 1106; x_wconf 79' lang='lat' dir='ltr'><strong>Chaldaeus</strong></span> <span class='ocrx_word' id='word_1_79' title='bbox 411 1057 494 1142; x_wconf 60' lang='lat' dir='ltr'><strong>qum</strong></span> <span class='ocrx_word' id='word_1_80' title='bbox 506 1053 595 1118; x_wconf 88' lang='lat' dir='ltr'><strong>habet,</strong></span> <span class='ocrx_word' id='word_1_81' title='bbox 608 1055 676 1124; x_wconf 95' lang='lat' dir='ltr'><strong>qnod</strong></span> <span class='ocrx_word' id='word_1_82' title='bbox 689 1055 720 1106; x_wconf 88' lang='lat' dir='ltr'><strong>ad</strong></span> <span class='ocrx_word' id='word_1_83' title='bbox 730 1053 861 1106; x_wconf 88' lang='lat' dir='ltr'><strong>Bataneae</strong></span> <span class='ocrx_word' id='word_1_84' title='bbox 871 1053 1026 1106; x_wconf 84' lang='lat' dir='ltr'><strong>vocabulum</strong></span> <span class='ocrx_word' id='word_1_85' title='bbox 1039 1055 1149 1118; x_wconf 82' lang='lat' dir='ltr'><strong>accedit,</strong></span> <span class='ocrx_word' id='word_1_86' title='bbox 1161 1060 1191 1106; x_wconf 92' lang='lat' dir='ltr'><strong>ut</strong></span> <span class='ocrx_word' id='word_1_87' title='bbox 1203 1055 1234 1107; x_wconf 87' lang='lat' dir='ltr'><strong>ad</strong></span> <span class='ocrx_word' id='word_1_88' title='bbox 1245 1075 1290 1112; x_wconf 74' lang='grc' dir='ltr'>ιιι.</span> 
     </span>
     <span class='ocr_line' id='line_1_9' title="bbox 128 1137 1291 1204; baseline 0.002 -12"><span class='ocrx_word' id='word_1_89' title='bbox 128 1137 176 1192; x_wconf 87' lang='lat' dir='ltr'><strong>Ios.</strong></span> <span class='ocrx_word' id='word_1_90' title='bbox 188 1139 293 1191; x_wconf 82' lang='lat' dir='ltr'><strong>Masius</strong></span> <span class='ocrx_word' id='word_1_91' title='bbox 306 1139 433 1192; x_wconf 83' lang='lat' dir='ltr'><strong>observat.</strong></span> <span class='ocrx_word' id='word_1_92' title='bbox 460 1140 488 1194; x_wconf 93' lang='lat' dir='ltr'><strong>lu</strong></span> <span class='ocrx_word' id='word_1_93' title='bbox 506 1140 596 1193; x_wconf 90' lang='lat' dir='ltr'><strong>eodem</strong></span> <span class='ocrx_word' id='word_1_94' title='bbox 613 1139 761 1192; x_wconf 88' lang='lat' dir='ltr'><strong>Basanitico</strong></span> <span class='ocrx_word' id='word_1_95' title='bbox 779 1145 861 1192; x_wconf 87' lang='lat' dir='ltr'><strong>tractu</strong></span> <span class='ocrx_word' id='word_1_96' title='bbox 874 1139 923 1191; x_wconf 87' lang='lat' dir='ltr'><strong>luit</strong></span> <span class='ocrx_word' id='word_1_97' title='bbox 935 1147 960 1192; x_wconf 90' lang='lat' dir='ltr'><strong>et</strong></span> <span class='ocrx_word' id='word_1_98' title='bbox 972 1139 1049 1192; x_wconf 80' lang='lat' dir='ltr'><strong>lldrai</strong></span> <span class='ocrx_word' id='word_1_99' title='bbox 1060 1145 1179 1204; x_wconf 54' lang='lat' dir='ltr'><strong>balaan,</strong></span> <span class='ocrx_word' id='word_1_100' title='bbox 1194 1139 1291 1194; x_wconf 85' lang='lat' dir='ltr'><strong>Graece</strong></span> 
     </span>
     <span class='ocr_line' id='line_1_10' title="bbox 128 1219 1290 1296; baseline 0.003 -21"><span class='ocrx_word' id='word_1_101' title='bbox 128 1219 218 1296; x_wconf 60' lang='lat' dir='ltr'><strong>&#39;sept</strong></span> <span class='ocrx_word' id='word_1_102' title='bbox 247 1223 333 1288; x_wconf 86' lang='lat' dir='ltr'><strong>Quam</strong></span> <span class='ocrx_word' id='word_1_103' title='bbox 345 1225 440 1278; x_wconf 80' lang='lat' dir='ltr'><strong>Adrum</strong></span> <span class='ocrx_word' id='word_1_104' title='bbox 452 1225 559 1280; x_wconf 88' lang='lat' dir='ltr'><strong>Ptolem.</strong></span> <span class='ocrx_word' id='word_1_105' title='bbox 571 1231 647 1296; x_wconf 90' lang='lat' dir='ltr'><strong>putat</strong></span> <span class='ocrx_word' id='word_1_106' title='bbox 658 1225 725 1278; x_wconf 93' lang='lat' dir='ltr'><strong>idem</strong></span> <span class='ocrx_word' id='word_1_107' title='bbox 738 1225 845 1280; x_wconf 83' lang='lat' dir='ltr'><strong>Masius.</strong></span> <span class='ocrx_word' id='word_1_108' title='bbox 873 1225 943 1289; x_wconf 88' lang='lat' dir='ltr'><strong>Quae</strong></span> <span class='ocrx_word' id='word_1_109' title='bbox 954 1226 981 1278; x_wconf 92' lang='lat' dir='ltr'><strong>in</strong></span> <span class='ocrx_word' id='word_1_110' title='bbox 995 1225 1143 1294; x_wconf 84' lang='lat' dir='ltr'><strong>Goelesyria</strong></span> <span class='ocrx_word' id='word_1_111' title='bbox 1155 1241 1170 1278; x_wconf 89' lang='lat' dir='ltr'><strong>a</strong></span> <span class='ocrx_word' id='word_1_112' title='bbox 1181 1225 1290 1280; x_wconf 87' lang='lat' dir='ltr'><strong>Ptolom.</strong></span> 
     </span>
     <span class='ocr_line' id='line_1_11' title="bbox 128 1315 286 1363; baseline 0 -1"><span class='ocrx_word' id='word_1_113' title='bbox 128 1315 286 1363; x_wconf 88' lang='lat' dir='ltr'><strong>numeratur.</strong></span> 
     </span>
    </p>

    <p class='ocr_par' dir='ltr' id='par_1_3' title="bbox 126 1394 1291 1638">
     <span class='ocr_line' id='line_1_12' title="bbox 192 1394 1291 1466; baseline 0.003 -18"><span class='ocrx_word' id='word_1_114' title='bbox 192 1395 223 1448; x_wconf 89' lang='lat' dir='ltr'><strong>N.</strong></span> <span class='ocrx_word' id='word_1_115' title='bbox 236 1414 313 1449; x_wconf 80' lang='lat' dir='ltr'><strong>xvrrr.</strong></span> <span class='ocrx_word' id='word_1_116' title='bbox 337 1395 399 1456; x_wconf 73' lang='grc' dir='ltr'>Τοὺς</span> <span class='ocrx_word' id='word_1_117' title='bbox 413 1395 439 1447; x_wconf 76' lang='grc' dir='ltr'><strong>δὲ</strong></span> <span class='ocrx_word' id='word_1_118' title='bbox 451 1397 576 1466; x_wconf 64' lang='grc' dir='ltr'>προφήτας</span> <span class='ocrx_word' id='word_1_119' title='bbox 588 1395 687 1466; x_wconf 74' lang='grc' dir='ltr'>λέγουσι</span> <span class='ocrx_word' id='word_1_120' title='bbox 699 1395 836 1463; x_wconf 72' lang='grc' dir='ltr'>συνέσεως]</span> <span class='ocrx_word' id='word_1_121' title='bbox 863 1395 1051 1466; x_wconf 75' lang='lat' dir='ltr'><strong>Intelligentiae</strong></span> <span class='ocrx_word' id='word_1_122' title='bbox 1067 1394 1220 1466; x_wconf 82' lang='lat' dir='ltr'><strong>prophetas,</strong></span> <span class='ocrx_word' id='word_1_123' title='bbox 1238 1413 1291 1452; x_wconf 88' lang='lat' dir='ltr'><strong>non</strong></span> 
     </span>
     <span class='ocr_line' id='line_1_13' title="bbox 126 1481 1291 1552; baseline 0.003 -20"><span class='ocrx_word' id='word_1_124' title='bbox 126 1481 239 1533; x_wconf 79' lang='lat' dir='ltr'><strong>veritatis</strong></span> <span class='ocrx_word' id='word_1_125' title='bbox 257 1481 402 1552; x_wconf 72' lang='lat' dir='ltr'><strong>appellatos</strong></span> <span class='ocrx_word' id='word_1_126' title='bbox 423 1481 479 1534; x_wconf 94' lang='lat' dir='ltr'><strong>ideo</strong></span> <span class='ocrx_word' id='word_1_127' title='bbox 498 1481 661 1545; x_wconf 79' lang='lat' dir='ltr'><strong>crediderim,</strong></span> <span class='ocrx_word' id='word_1_128' title='bbox 683 1481 752 1551; x_wconf 92' lang='lat' dir='ltr'><strong>quod</strong></span> <span class='ocrx_word' id='word_1_129' title='bbox 771 1483 876 1534; x_wconf 70' lang='lat' dir='ltr'><strong>mmemi</strong></span> <span class='ocrx_word' id='word_1_130' title='bbox 892 1497 978 1534; x_wconf 90' lang='lat' dir='ltr'><strong>rernm</strong></span> <span class='ocrx_word' id='word_1_131' title='bbox 994 1481 1181 1534; x_wconf 81' lang='lat' dir='ltr'><strong>altissimarum</strong></span> <span class='ocrx_word' id='word_1_132' title='bbox 1197 1483 1291 1536; x_wconf 89' lang='lat' dir='ltr'><strong>intelli·</strong></span> 
     </span>
     <span class='ocr_line' id='line_1_14' title="bbox 127 1565 1184 1638; baseline 0.001 -20"><span class='ocrx_word' id='word_1_133' title='bbox 127 1567 213 1636; x_wconf 87' lang='lat' dir='ltr'><strong>gentia</strong></span> <span class='ocrx_word' id='word_1_134' title='bbox 225 1571 316 1618; x_wconf 89' lang='lat' dir='ltr'><strong>essent</strong></span> <span class='ocrx_word' id='word_1_135' title='bbox 332 1568 509 1636; x_wconf 81' lang='lat' dir='ltr'><strong>sapientiaque</strong></span> <span class='ocrx_word' id='word_1_136' title='bbox 522 1567 641 1638; x_wconf 85' lang='lat' dir='ltr'><strong>praediti,</strong></span> <span class='ocrx_word' id='word_1_137' title='bbox 653 1583 705 1620; x_wconf 94' lang='lat' dir='ltr'><strong>non</strong></span> <span class='ocrx_word' id='word_1_138' title='bbox 718 1573 806 1619; x_wconf 89' lang='lat' dir='ltr'><strong>tamen</strong></span> <span class='ocrx_word' id='word_1_139' title='bbox 818 1565 952 1620; x_wconf 87' lang='lat' dir='ltr'><strong>mendacio</strong></span> <span class='ocrx_word' id='word_1_140' title='bbox 966 1567 1037 1618; x_wconf 91' lang='lat' dir='ltr'><strong>ornni</strong></span> <span class='ocrx_word' id='word_1_141' title='bbox 1049 1567 1184 1619; x_wconf 79' lang='lat' dir='ltr'><strong>caruerint.</strong></span> 
     </span>
    </p>

    <p class='ocr_par' dir='ltr' id='par_1_4' title="bbox 126 1646 1289 1807">
     <span class='ocr_line' id='line_1_15' title="bbox 191 1646 1289 1721; baseline 0.001 -16"><span class='ocrx_word' id='word_1_142' title='bbox 191 1651 221 1704; x_wconf 89' lang='lat' dir='ltr'><strong>N.</strong></span> <span class='ocrx_word' id='word_1_143' title='bbox 239 1669 295 1705; x_wconf 81' lang='lat' dir='ltr'><strong>xix.</strong></span> <span class='ocrx_word' id='word_1_144' title='bbox 322 1646 413 1703; x_wconf 82' lang='grc' dir='ltr'>Ἦλθεν</span> <span class='ocrx_word' id='word_1_145' title='bbox 430 1649 541 1716; x_wconf 70' lang='grc' dir='ltr'>Ἰωάννης</span> <span class='ocrx_word' id='word_1_146' title='bbox 557 1649 581 1702; x_wconf 77' lang='grc' dir='ltr'><strong>ἐν</strong></span> <span class='ocrx_word' id='word_1_147' title='bbox 598 1649 671 1721; x_wconf 66' lang='lat' dir='ltr'><strong>teu]</strong></span> <span class='ocrx_word' id='word_1_148' title='bbox 704 1652 773 1704; x_wconf 85' lang='lat' dir='ltr'><strong>Haec</strong></span> <span class='ocrx_word' id='word_1_149' title='bbox 795 1653 885 1716; x_wconf 80' lang='lat' dir='ltr'><strong>verba,</strong></span> <span class='ocrx_word' id='word_1_150' title='bbox 904 1649 928 1702; x_wconf 80' lang='grc' dir='ltr'><strong>ἐν</strong></span> <span class='ocrx_word' id='word_1_151' title='bbox 945 1648 997 1720; x_wconf 80' lang='grc' dir='ltr'><strong>ὁδῷ</strong></span> <span class='ocrx_word' id='word_1_152' title='bbox 1015 1651 1178 1717; x_wconf 73' lang='grc' dir='ltr'>δικαιοσύνης,</span> <span class='ocrx_word' id='word_1_153' title='bbox 1195 1653 1236 1705; x_wconf 78' lang='lat' dir='ltr'><strong>vel</strong></span> <span class='ocrx_word' id='word_1_154' title='bbox 1257 1653 1289 1706; x_wconf 84' lang='lat' dir='ltr'><strong>ab</strong></span> 
     </span>
     <span class='ocr_line' id='line_1_16' title="bbox 126 1735 884 1807; baseline 0.001 -18"><span class='ocrx_word' id='word_1_155' title='bbox 126 1735 270 1807; x_wconf 80' lang='lat' dir='ltr'><strong>Epiphanio</strong></span> <span class='ocrx_word' id='word_1_156' title='bbox 283 1738 392 1802; x_wconf 87' lang='lat' dir='ltr'><strong>inserta,</strong></span> <span class='ocrx_word' id='word_1_157' title='bbox 404 1739 444 1790; x_wconf 82' lang='lat' dir='ltr'><strong>rel</strong></span> <span class='ocrx_word' id='word_1_158' title='bbox 457 1738 617 1790; x_wconf 85' lang='lat' dir='ltr'><strong>librariorum</strong></span> <span class='ocrx_word' id='word_1_159' title='bbox 629 1738 691 1790; x_wconf 82' lang='lat' dir='ltr'><strong>uitio</strong></span> <span class='ocrx_word' id='word_1_160' title='bbox 703 1737 804 1789; x_wconf 90' lang='lat' dir='ltr'><strong>intrusa</strong></span> <span class='ocrx_word' id='word_1_161' title='bbox 816 1744 884 1791; x_wconf 88' lang='lat' dir='ltr'><strong>sunt.</strong></span> 
     </span>
    </p>

    <p class='ocr_par' dir='ltr' id='par_1_5' title="bbox 125 1821 1290 2234">
     <span class='ocr_line' id='line_1_17' title="bbox 192 1821 1289 1892; baseline 0.001 -18"><span class='ocrx_word' id='word_1_162' title='bbox 192 1821 223 1874; x_wconf 92' lang='lat' dir='ltr'><strong>N.</strong></span> <span class='ocrx_word' id='word_1_163' title='bbox 237 1841 283 1876; x_wconf 84' lang='lat' dir='ltr'><strong>xx.</strong></span> <span class='ocrx_word' id='word_1_164' title='bbox 303 1821 423 1892; x_wconf 67' lang='lat' dir='ltr'><strong>limpidae&lt;</strong></span> <span class='ocrx_word' id='word_1_165' title='bbox 437 1821 463 1873; x_wconf 74' lang='grc' dir='ltr'><strong>δὲ</strong></span> <span class='ocrx_word' id='word_1_166' title='bbox 476 1821 504 1873; x_wconf 82' lang='grc' dir='ltr'><strong>οὐ</strong></span> <span class='ocrx_word' id='word_1_167' title='bbox 517 1822 645 1889; x_wconf 73' lang='grc' dir='ltr'>καλεῖται]</span> <span class='ocrx_word' id='word_1_168' title='bbox 672 1821 735 1874; x_wconf 87' lang='lat' dir='ltr'><strong>Vide</strong></span> <span class='ocrx_word' id='word_1_169' title='bbox 753 1824 859 1876; x_wconf 90' lang='lat' dir='ltr'><strong>omnino</strong></span> <span class='ocrx_word' id='word_1_170' title='bbox 878 1838 943 1891; x_wconf 89' lang='lat' dir='ltr'><strong>quae</strong></span> <span class='ocrx_word' id='word_1_171' title='bbox 956 1821 1053 1874; x_wconf 87' lang='lat' dir='ltr'><strong>erudite</strong></span> <span class='ocrx_word' id='word_1_172' title='bbox 1067 1822 1099 1874; x_wconf 88' lang='lat' dir='ltr'><strong>ad</strong></span> <span class='ocrx_word' id='word_1_173' title='bbox 1111 1822 1184 1875; x_wconf 90' lang='lat' dir='ltr'><strong>illum</strong></span> <span class='ocrx_word' id='word_1_174' title='bbox 1196 1822 1289 1875; x_wconf 81' lang='lat' dir='ltr'><strong>Esaiae</strong></span> 
     </span>
     <span class='ocr_line' id='line_1_18' title="bbox 127 1879 1290 1978; baseline 0.001 -18"><span class='ocrx_word' id='word_1_175' title='bbox 127 1907 210 1960; x_wconf 86' lang='lat' dir='ltr'><strong>locum</strong></span> <span class='ocrx_word' id='word_1_176' title='bbox 225 1907 332 1960; x_wconf 85' lang='lat' dir='ltr'><strong>disserit</strong></span> <span class='ocrx_word' id='word_1_177' title='bbox 343 1907 446 1960; x_wconf 88' lang='lat' dir='ltr'><strong>llieron.</strong></span> <span class='ocrx_word' id='word_1_178' title='bbox 464 1907 494 1959; x_wconf 91' lang='lat' dir='ltr'><strong>de</strong></span> <span class='ocrx_word' id='word_1_179' title='bbox 506 1925 569 1960; x_wconf 84' lang='lat' dir='ltr'><strong>uoce</strong></span> <span class='ocrx_word' id='word_1_180' title='bbox 587 1879 703 1974; x_wconf 56' lang='lat' dir='ltr'><strong>mahat,</strong></span> <span class='ocrx_word' id='word_1_181' title='bbox 716 1907 741 1959; x_wconf 91' lang='lat' dir='ltr'><strong>in</strong></span> <span class='ocrx_word' id='word_1_182' title='bbox 755 1923 807 1978; x_wconf 88' lang='lat' dir='ltr'><strong>qua</strong></span> <span class='ocrx_word' id='word_1_183' title='bbox 819 1908 971 1963; x_wconf 87' lang='lat' dir='ltr'><strong>calumniari</strong></span> <span class='ocrx_word' id='word_1_184' title='bbox 984 1907 1071 1959; x_wconf 90' lang='lat' dir='ltr'><strong>ludaei</strong></span> <span class='ocrx_word' id='word_1_185' title='bbox 1083 1907 1174 1959; x_wconf 89' lang='lat' dir='ltr'><strong>solent.</strong></span> <span class='ocrx_word' id='word_1_186' title='bbox 1201 1908 1290 1961; x_wconf 90' lang='lat' dir='ltr'><strong>Sedet</strong></span> 
     </span>
     <span class='ocr_line' id='line_1_19' title="bbox 126 1991 1287 2062; baseline 0.002 -18"><span class='ocrx_word' id='word_1_187' title='bbox 126 1991 238 2045; x_wconf 82' lang='lat' dir='ltr'><strong>Basilius</strong></span> <span class='ocrx_word' id='word_1_188' title='bbox 252 1993 285 2044; x_wconf 91' lang='lat' dir='ltr'><strong>ad</strong></span> <span class='ocrx_word' id='word_1_189' title='bbox 299 2011 342 2046; x_wconf 82' lang='lat' dir='ltr'><strong>ru.</strong></span> <span class='ocrx_word' id='word_1_190' title='bbox 355 1993 414 2047; x_wconf 86' lang='lat' dir='ltr'><strong>Esa.</strong></span> <span class='ocrx_word' id='word_1_191' title='bbox 429 1993 518 2046; x_wconf 88' lang='lat' dir='ltr'><strong>eodem</strong></span> <span class='ocrx_word' id='word_1_192' title='bbox 537 1999 690 2062; x_wconf 82' lang='lat' dir='ltr'><strong>argumento</strong></span> <span class='ocrx_word' id='word_1_193' title='bbox 707 1993 829 2045; x_wconf 82' lang='lat' dir='ltr'><strong>adversus</strong></span> <span class='ocrx_word' id='word_1_194' title='bbox 842 1993 950 2045; x_wconf 92' lang='lat' dir='ltr'><strong>ludaeos</strong></span> <span class='ocrx_word' id='word_1_195' title='bbox 967 1993 1048 2044; x_wconf 90' lang='lat' dir='ltr'><strong>utitur</strong></span> <span class='ocrx_word' id='word_1_196' title='bbox 1062 2007 1113 2062; x_wconf 94' lang='lat' dir='ltr'><strong>quo</strong></span> <span class='ocrx_word' id='word_1_197' title='bbox 1126 1992 1287 2062; x_wconf 84' lang='lat' dir='ltr'><strong>Epiphanius</strong></span> 
     </span>
     <span class='ocr_line' id='line_1_20' title="bbox 126 2075 1290 2148; baseline 0.002 -18"><span class='ocrx_word' id='word_1_198' title='bbox 126 2075 258 2130; x_wconf 82' lang='lat' dir='ltr'><strong>Ebionitas</strong></span> <span class='ocrx_word' id='word_1_199' title='bbox 269 2077 407 2147; x_wconf 87' lang='lat' dir='ltr'><strong>redarguit.</strong></span> <span class='ocrx_word' id='word_1_200' title='bbox 426 2077 507 2142; x_wconf 82' lang='lat' dir='ltr'><strong>Quod,</strong></span> <span class='ocrx_word' id='word_1_201' title='bbox 520 2079 571 2133; x_wconf 89' lang='lat' dir='ltr'><strong>nisi</strong></span> <span class='ocrx_word' id='word_1_202' title='bbox 582 2079 721 2147; x_wconf 89' lang='lat' dir='ltr'><strong>parituram</strong></span> <span class='ocrx_word' id='word_1_203' title='bbox 731 2079 858 2146; x_wconf 78' lang='lat' dir='ltr'><strong>uirginem</strong></span> <span class='ocrx_word' id='word_1_204' title='bbox 868 2077 992 2148; x_wconf 89' lang='lat' dir='ltr'><strong>propheta</strong></span> <span class='ocrx_word' id='word_1_205' title='bbox 1001 2077 1182 2146; x_wconf 81' lang='lat' dir='ltr'><strong>significasset,</strong></span> <span class='ocrx_word' id='word_1_206' title='bbox 1194 2079 1290 2132; x_wconf 82' lang='lat' dir='ltr'><strong>frustra</strong></span> 
     </span>
     <span class='ocr_line' id='line_1_21' title="bbox 125 2161 809 2234; baseline 0.001 -18"><span class='ocrx_word' id='word_1_207' title='bbox 125 2169 248 2234; x_wconf 88' lang='lat' dir='ltr'><strong>tanquam</strong></span> <span class='ocrx_word' id='word_1_208' title='bbox 263 2163 367 2232; x_wconf 78' lang='lat' dir='ltr'><strong>signum</strong></span> <span class='ocrx_word' id='word_1_209' title='bbox 380 2163 443 2216; x_wconf 91' lang='lat' dir='ltr'><strong>illud</strong></span> <span class='ocrx_word' id='word_1_210' title='bbox 456 2165 541 2233; x_wconf 91' lang='lat' dir='ltr'><strong>ipsum</strong></span> <span class='ocrx_word' id='word_1_211' title='bbox 553 2164 608 2233; x_wconf 81' lang='lat' dir='ltr'><strong>regi</strong></span> <span class='ocrx_word' id='word_1_212' title='bbox 620 2161 809 2217; x_wconf 82' lang='lat' dir='ltr'><strong>denunciassct.</strong></span> 
     </span>
    </p>

    <p class='ocr_par' dir='ltr' id='par_1_6' title="bbox 124 2243 1288 2664">
     <span class='ocr_line' id='line_1_22' title="bbox 190 2243 1287 2318; baseline 0.004 -19"><span class='ocrx_word' id='word_1_213' title='bbox 190 2247 233 2309; x_wconf 82' lang='grc' dir='ltr'><strong>Ὡς</strong></span> <span class='ocrx_word' id='word_1_214' title='bbox 247 2248 289 2299; x_wconf 75' lang='lat' dir='ltr'><strong>ael</strong></span> <span class='ocrx_word' id='word_1_215' title='bbox 302 2247 375 2309; x_wconf 73' lang='grc' dir='ltr'>αὐτὸς</span> <span class='ocrx_word' id='word_1_216' title='bbox 387 2243 509 2316; x_wconf 71' lang='grc' dir='ltr'>Ἡσαΐας]</span> <span class='ocrx_word' id='word_1_217' title='bbox 536 2249 609 2301; x_wconf 83' lang='grc' dir='ltr'>Ηιιηο</span> <span class='ocrx_word' id='word_1_218' title='bbox 626 2249 718 2300; x_wconf 82' lang='lat' dir='ltr'><strong>lissiae</strong></span> <span class='ocrx_word' id='word_1_219' title='bbox 733 2250 831 2314; x_wconf 91' lang='lat' dir='ltr'><strong>locum,</strong></span> <span class='ocrx_word' id='word_1_220' title='bbox 849 2265 926 2318; x_wconf 87' lang='lat' dir='ltr'><strong>quem</strong></span> <span class='ocrx_word' id='word_1_221' title='bbox 945 2247 975 2300; x_wconf 91' lang='lat' dir='ltr'><strong>de</strong></span> <span class='ocrx_word' id='word_1_222' title='bbox 987 2246 1081 2300; x_wconf 81' lang='lat' dir='ltr'><strong>Christi</strong></span> <span class='ocrx_word' id='word_1_223' title='bbox 1099 2247 1196 2300; x_wconf 87' lang='lat' dir='ltr'><strong>domini</strong></span> <span class='ocrx_word' id='word_1_224' title='bbox 1210 2265 1287 2318; x_wconf 83' lang='lat' dir='ltr'><strong>gene-</strong></span> 
     </span>
     <span class='ocr_line' id='line_1_23' title="bbox 125 2332 1288 2406; baseline 0.002 -20"><span class='ocrx_word' id='word_1_225' title='bbox 125 2335 223 2388; x_wconf 89' lang='lat' dir='ltr'><strong>ratione</strong></span> <span class='ocrx_word' id='word_1_226' title='bbox 241 2351 274 2387; x_wconf 89' lang='lat' dir='ltr'><strong>ac</strong></span> <span class='ocrx_word' id='word_1_227' title='bbox 291 2339 471 2388; x_wconf 80' lang='lat' dir='ltr'><strong>sacrosanctae</strong></span> <span class='ocrx_word' id='word_1_228' title='bbox 482 2333 597 2403; x_wconf 83' lang='lat' dir='ltr'><strong>Virginis</strong></span> <span class='ocrx_word' id='word_1_229' title='bbox 615 2339 689 2404; x_wconf 90' lang='lat' dir='ltr'><strong>partu</strong></span> <span class='ocrx_word' id='word_1_230' title='bbox 706 2335 828 2404; x_wconf 79' lang='lat' dir='ltr'><strong>intelligit</strong></span> <span class='ocrx_word' id='word_1_231' title='bbox 840 2332 1012 2406; x_wconf 77' lang='lat' dir='ltr'><strong>Epiphanius,</strong></span> <span class='ocrx_word' id='word_1_232' title='bbox 1033 2333 1122 2386; x_wconf 88' lang='lat' dir='ltr'><strong>Patres</strong></span> <span class='ocrx_word' id='word_1_233' title='bbox 1144 2351 1233 2387; x_wconf 91' lang='lat' dir='ltr'><strong>ornnes</strong></span> <span class='ocrx_word' id='word_1_234' title='bbox 1254 2337 1288 2388; x_wconf 90' lang='lat' dir='ltr'><strong>ad</strong></span> 
     </span>
     <span class='ocr_line' id='line_1_24' title="bbox 125 2419 1287 2490; baseline 0.002 -18"><span class='ocrx_word' id='word_1_235' title='bbox 125 2421 269 2490; x_wconf 87' lang='lat' dir='ltr'><strong>spiritalem</strong></span> <span class='ocrx_word' id='word_1_236' title='bbox 282 2421 405 2473; x_wconf 85' lang='lat' dir='ltr'><strong>ecclesiae</strong></span> <span class='ocrx_word' id='word_1_237' title='bbox 417 2427 519 2490; x_wconf 79' lang='lat' dir='ltr'><strong>partiam</strong></span> <span class='ocrx_word' id='word_1_238' title='bbox 532 2421 659 2484; x_wconf 82' lang='lat' dir='ltr'><strong>referunt,</strong></span> <span class='ocrx_word' id='word_1_239' title='bbox 671 2436 738 2490; x_wconf 91' lang='lat' dir='ltr'><strong>quae</strong></span> <span class='ocrx_word' id='word_1_240' title='bbox 750 2421 805 2472; x_wconf 90' lang='lat' dir='ltr'><strong>siue</strong></span> <span class='ocrx_word' id='word_1_241' title='bbox 817 2421 871 2472; x_wconf 92' lang='lat' dir='ltr'><strong>ullo</strong></span> <span class='ocrx_word' id='word_1_242' title='bbox 881 2419 967 2472; x_wconf 92' lang='lat' dir='ltr'><strong>dolore</strong></span> <span class='ocrx_word' id='word_1_243' title='bbox 979 2435 1044 2488; x_wconf 91' lang='lat' dir='ltr'><strong>peno</strong></span> <span class='ocrx_word' id='word_1_244' title='bbox 1057 2425 1189 2472; x_wconf 87' lang='lat' dir='ltr'><strong>momento</strong></span> <span class='ocrx_word' id='word_1_245' title='bbox 1201 2421 1287 2474; x_wconf 89' lang='lat' dir='ltr'><strong>inlini·</strong></span> 
     </span>
     <span class='ocr_line' id='line_1_25' title="bbox 125 2503 1287 2576; baseline 0.003 -20"><span class='ocrx_word' id='word_1_246' title='bbox 125 2509 164 2557; x_wconf 88' lang='lat' dir='ltr'><strong>tos</strong></span> <span class='ocrx_word' id='word_1_247' title='bbox 173 2503 277 2559; x_wconf 79' lang='lat' dir='ltr'><strong>Christo</strong></span> <span class='ocrx_word' id='word_1_248' title='bbox 289 2504 357 2558; x_wconf 89' lang='lat' dir='ltr'><strong>filios</strong></span> <span class='ocrx_word' id='word_1_249' title='bbox 368 2506 467 2575; x_wconf 80' lang='lat' dir='ltr'><strong>peperit</strong></span> <span class='ocrx_word' id='word_1_250' title='bbox 479 2506 596 2576; x_wconf 89' lang='lat' dir='ltr'><strong>paritque</strong></span> <span class='ocrx_word' id='word_1_251' title='bbox 609 2505 730 2575; x_wconf 91' lang='lat' dir='ltr'><strong>qnotidie.</strong></span> <span class='ocrx_word' id='word_1_252' title='bbox 749 2505 788 2558; x_wconf 84' lang='lat' dir='ltr'><strong>lta</strong></span> <span class='ocrx_word' id='word_1_253' title='bbox 800 2505 830 2559; x_wconf 87' lang='lat' dir='ltr'><strong>D.</strong></span> <span class='ocrx_word' id='word_1_254' title='bbox 838 2505 952 2569; x_wconf 73' lang='lat' dir='ltr'><strong>Hieron,</strong></span> <span class='ocrx_word' id='word_1_255' title='bbox 964 2503 1153 2570; x_wconf 81' lang='lat' dir='ltr'><strong>Tbeodoretns,</strong></span> <span class='ocrx_word' id='word_1_256' title='bbox 1167 2505 1287 2575; x_wconf 81' lang='lat' dir='ltr'><strong>Gyrillus,</strong></span> 
     </span>
     <span class='ocr_line' id='line_1_26' title="bbox 124 2589 1195 2664; baseline -0.002 -20"><span class='ocrx_word' id='word_1_257' title='bbox 124 2589 217 2644; x_wconf 74' lang='lat' dir='ltr'><strong>huseb.</strong></span> <span class='ocrx_word' id='word_1_258' title='bbox 228 2591 277 2645; x_wconf 93' lang='lat' dir='ltr'><strong>lib.</strong></span> <span class='ocrx_word' id='word_1_259' title='bbox 289 2609 305 2643; x_wconf 90' lang='lat' dir='ltr'><strong>r.</strong></span> <span class='ocrx_word' id='word_1_260' title='bbox 317 2590 416 2644; x_wconf 84' lang='lat' dir='ltr'><strong>Eccles.</strong></span> <span class='ocrx_word' id='word_1_261' title='bbox 430 2590 495 2643; x_wconf 86' lang='lat' dir='ltr'><strong>Hist.</strong></span> <span class='ocrx_word' id='word_1_262' title='bbox 509 2607 565 2660; x_wconf 86' lang='lat' dir='ltr'><strong>cap.</strong></span> <span class='ocrx_word' id='word_1_263' title='bbox 575 2609 622 2655; x_wconf 69' lang='lat' dir='ltr'><strong>ru,</strong></span> <span class='ocrx_word' id='word_1_264' title='bbox 634 2590 729 2660; x_wconf 81' lang='lat' dir='ltr'><strong>aliique</strong></span> <span class='ocrx_word' id='word_1_265' title='bbox 742 2591 895 2658; x_wconf 89' lang='lat' dir='ltr'><strong>complures.</strong></span> <span class='ocrx_word' id='word_1_266' title='bbox 1189 2659 1195 2664; x_wconf 39' lang='grc'>-</span> 
     </span>
    </p>

    <p class='ocr_par' dir='ltr' id='par_1_7' title="bbox 124 2673 1287 3086">
     <span class='ocr_line' id='line_1_27' title="bbox 189 2673 1285 2748; baseline 0.003 -21"><span class='ocrx_word' id='word_1_267' title='bbox 189 2675 232 2738; x_wconf 80' lang='grc' dir='ltr'><strong>Ὠς</strong></span> <span class='ocrx_word' id='word_1_268' title='bbox 245 2676 288 2728; x_wconf 74' lang='grc' dir='ltr'><strong>καὶ</strong></span> <span class='ocrx_word' id='word_1_269' title='bbox 299 2673 413 2746; x_wconf 73' lang='grc' dir='ltr'>Ἱερεμίας</span> <span class='ocrx_word' id='word_1_270' title='bbox 425 2675 478 2746; x_wconf 65' lang='grc' dir='ltr'><strong>περὶ</strong></span> <span class='ocrx_word' id='word_1_271' title='bbox 491 2675 587 2742; x_wconf 65' lang='lat' dir='ltr'><strong>abaci]</strong></span> <span class='ocrx_word' id='word_1_272' title='bbox 612 2675 702 2746; x_wconf 88' lang='lat' dir='ltr'><strong>Neque</strong></span> <span class='ocrx_word' id='word_1_273' title='bbox 719 2675 761 2728; x_wconf 91' lang='lat' dir='ltr'><strong>hic</strong></span> <span class='ocrx_word' id='word_1_274' title='bbox 778 2677 849 2728; x_wconf 87' lang='lat' dir='ltr'><strong>locus</strong></span> <span class='ocrx_word' id='word_1_275' title='bbox 863 2675 894 2728; x_wconf 86' lang='lat' dir='ltr'><strong>ed</strong></span> <span class='ocrx_word' id='word_1_276' title='bbox 907 2675 1036 2728; x_wconf 80' lang='lat' dir='ltr'><strong>Christum</strong></span> <span class='ocrx_word' id='word_1_277' title='bbox 1047 2677 1150 2748; x_wconf 89' lang='lat' dir='ltr'><strong>proprie</strong></span> <span class='ocrx_word' id='word_1_278' title='bbox 1162 2678 1285 2747; x_wconf 88' lang='lat' dir='ltr'><strong>pertinet:</strong></span> 
     </span>
     <span class='ocr_line' id='line_1_28' title="bbox 125 2757 1286 2832; baseline 0.002 -18"><span class='ocrx_word' id='word_1_279' title='bbox 125 2761 227 2816; x_wconf 81' lang='lat' dir='ltr'><strong>tametsi</strong></span> <span class='ocrx_word' id='word_1_280' title='bbox 242 2757 361 2832; x_wconf 85' lang='lat' dir='ltr'><strong>plerique</strong></span> <span class='ocrx_word' id='word_1_281' title='bbox 378 2761 425 2815; x_wconf 88' lang='grc' dir='ltr'><strong>ΡΡ.</strong></span> <span class='ocrx_word' id='word_1_282' title='bbox 439 2761 471 2814; x_wconf 87' lang='lat' dir='ltr'><strong>ad</strong></span> <span class='ocrx_word' id='word_1_283' title='bbox 489 2779 548 2814; x_wconf 89' lang='lat' dir='ltr'><strong>eum</strong></span> <span class='ocrx_word' id='word_1_284' title='bbox 565 2777 669 2814; x_wconf 86' lang='lat' dir='ltr'><strong>sensum</strong></span> <span class='ocrx_word' id='word_1_285' title='bbox 688 2762 827 2825; x_wconf 86' lang='lat' dir='ltr'><strong>traxerint,</strong></span> <span class='ocrx_word' id='word_1_286' title='bbox 849 2777 914 2830; x_wconf 90' lang='lat' dir='ltr'><strong>quos</strong></span> <span class='ocrx_word' id='word_1_287' title='bbox 930 2759 1092 2830; x_wconf 86' lang='lat' dir='ltr'><strong>reprehendit</strong></span> <span class='ocrx_word' id='word_1_288' title='bbox 1106 2763 1286 2831; x_wconf 81' lang='lat' dir='ltr'><strong>Hieronymus.</strong></span> 
     </span>
     <span class='ocr_line' id='line_1_29' title="bbox 125 2845 1287 2918; baseline 0 -18"><span class='ocrx_word' id='word_1_289' title='bbox 125 2845 202 2900; x_wconf 84' lang='lat' dir='ltr'><strong>Gaius</strong></span> <span class='ocrx_word' id='word_1_290' title='bbox 219 2847 326 2917; x_wconf 92' lang='lat' dir='ltr'><strong>quidem</strong></span> <span class='ocrx_word' id='word_1_291' title='bbox 343 2846 561 2918; x_wconf 86' lang='lat' dir='ltr'><strong>interpretationis</strong></span> <span class='ocrx_word' id='word_1_292' title='bbox 579 2863 684 2900; x_wconf 86' lang='lat' dir='ltr'><strong>causam</strong></span> <span class='ocrx_word' id='word_1_293' title='bbox 703 2847 790 2900; x_wconf 86' lang='lat' dir='ltr'><strong>attulit</strong></span> <span class='ocrx_word' id='word_1_294' title='bbox 806 2863 889 2898; x_wconf 81' lang='lat' dir='ltr'><strong>nxxrr.</strong></span> <span class='ocrx_word' id='word_1_295' title='bbox 905 2846 994 2898; x_wconf 88' lang='lat' dir='ltr'><strong>lectio:</strong></span> <span class='ocrx_word' id='word_1_296' title='bbox 1013 2847 1057 2915; x_wconf 94' lang='lat' dir='ltr'><strong>qui</strong></span> <span class='ocrx_word' id='word_1_297' title='bbox 1075 2847 1108 2898; x_wconf 93' lang='lat' dir='ltr'><strong>ab</strong></span> <span class='ocrx_word' id='word_1_298' title='bbox 1126 2847 1242 2900; x_wconf 88' lang='lat' dir='ltr'><strong>Hebraeo</strong></span> <span class='ocrx_word' id='word_1_299' title='bbox 1260 2853 1287 2900; x_wconf 90' lang='lat' dir='ltr'><strong>et</strong></span> 
     </span>
     <span class='ocr_line' id='line_1_30' title="bbox 124 2929 1286 3003; baseline 0.002 -19"><span class='ocrx_word' id='word_1_300' title='bbox 124 2931 236 3003; x_wconf 78' lang='lat' dir='ltr'><strong>Vulgata</strong></span> <span class='ocrx_word' id='word_1_301' title='bbox 248 2932 401 3003; x_wconf 86' lang='lat' dir='ltr'><strong>discrepant.</strong></span> <span class='ocrx_word' id='word_1_302' title='bbox 428 2931 494 2984; x_wconf 88' lang='lat' dir='ltr'><strong>Nam</strong></span> <span class='ocrx_word' id='word_1_303' title='bbox 511 2931 637 2985; x_wconf 83' lang='lat' dir='ltr'><strong>liebraica</strong></span> <span class='ocrx_word' id='word_1_304' title='bbox 653 2947 704 2985; x_wconf 80' lang='lat' dir='ltr'><strong>vox</strong></span> <span class='ocrx_word' id='word_1_305' title='bbox 717 2937 800 2992; x_wconf 61' lang='lat' dir='ltr'><strong>uttan</strong></span> <span class='ocrx_word' id='word_1_306' title='bbox 813 2931 994 2995; x_wconf 84' lang='lat' dir='ltr'><strong>inscrutabile,</strong></span> <span class='ocrx_word' id='word_1_307' title='bbox 1011 2931 1065 2982; x_wconf 87' lang='lat' dir='ltr'><strong>sive</strong></span> <span class='ocrx_word' id='word_1_308' title='bbox 1082 2929 1240 3001; x_wconf 87' lang='lat' dir='ltr'><strong>desperabile</strong></span> <span class='ocrx_word' id='word_1_309' title='bbox 1252 2932 1286 2986; x_wconf 93' lang='lat' dir='ltr'><strong>si-</strong></span> 
     </span>
     <span class='ocr_line' id='line_1_31' title="bbox 124 3003 794 3086; baseline 0 -17"><span class='ocrx_word' id='word_1_310' title='bbox 124 3017 238 3086; x_wconf 79' lang='lat' dir='ltr'><strong>gnificat.</strong></span> <span class='ocrx_word' id='word_1_311' title='bbox 264 3018 297 3069; x_wconf 80' lang='lat' dir='ltr'><strong>At</strong></span> <span class='ocrx_word' id='word_1_312' title='bbox 308 3017 345 3069; x_wconf 90' lang='lat' dir='ltr'><strong>illi</strong></span> <span class='ocrx_word' id='word_1_313' title='bbox 362 3003 462 3082; x_wconf 59' lang='lat' dir='ltr'><strong>mahte,</strong></span> <span class='ocrx_word' id='word_1_314' title='bbox 473 3016 522 3070; x_wconf 89' lang='lat' dir='ltr'><strong>hoe</strong></span> <span class='ocrx_word' id='word_1_315' title='bbox 535 3021 575 3070; x_wconf 87' lang='lat' dir='ltr'><strong>est</strong></span> <span class='ocrx_word' id='word_1_316' title='bbox 586 3015 656 3069; x_wconf 80' lang='lat' dir='ltr'><strong>domo</strong></span> <span class='ocrx_word' id='word_1_317' title='bbox 667 3017 794 3086; x_wconf 84' lang='lat' dir='ltr'><strong>legerunt.</strong></span> 
     </span>
    </p>

    <p class='ocr_par' dir='ltr' id='par_1_8' title="bbox 189 3099 1072 3172">
     <span class='ocr_line' id='line_1_32' title="bbox 189 3099 1072 3172; baseline -0.002 -17"><span class='ocrx_word' id='word_1_318' title='bbox 189 3101 221 3154; x_wconf 91' lang='lat' dir='ltr'><strong>N.</strong></span> <span class='ocrx_word' id='word_1_319' title='bbox 234 3119 290 3156; x_wconf 77' lang='lat' dir='ltr'><strong>nr.</strong></span> <span class='ocrx_word' id='word_1_320' title='bbox 310 3101 355 3152; x_wconf 76' lang='lat' dir='ltr'><strong>liet</strong></span> <span class='ocrx_word' id='word_1_321' title='bbox 369 3107 405 3171; x_wconf 81' lang='grc' dir='ltr'><strong>τῷ</strong></span> <span class='ocrx_word' id='word_1_322' title='bbox 418 3101 562 3172; x_wconf 73' lang='grc' dir='ltr'>βουλομένῳ</span> <span class='ocrx_word' id='word_1_323' title='bbox 575 3101 616 3162; x_wconf 82' lang='grc' dir='ltr'><strong>τὰς</strong></span> <span class='ocrx_word' id='word_1_324' title='bbox 628 3101 731 3172; x_wconf 59' lang='grc' dir='ltr'>χήρας]</span> <span class='ocrx_word' id='word_1_325' title='bbox 749 3101 811 3170; x_wconf 74' lang='lat' dir='ltr'><strong>Lug.</strong></span> <span class='ocrx_word' id='word_1_326' title='bbox 824 3104 861 3171; x_wconf 84' lang='grc' dir='ltr'><strong>τῷ</strong></span> <span class='ocrx_word' id='word_1_327' title='bbox 874 3099 907 3171; x_wconf 84' lang='grc' dir='ltr'><strong>μὴ</strong></span> <span class='ocrx_word' id='word_1_328' title='bbox 921 3099 1072 3172; x_wconf 73' lang='grc' dir='ltr'>βουλομένῳ.</span> 
     </span>
    </p>

    <p class='ocr_par' dir='ltr' id='par_1_9' title="bbox 123 3185 1284 3514">
     <span class='ocr_line' id='line_1_33' title="bbox 188 3185 1283 3259; baseline 0.002 -19"><span class='ocrx_word' id='word_1_329' title='bbox 188 3185 220 3240; x_wconf 89' lang='lat' dir='ltr'><strong>N.</strong></span> <span class='ocrx_word' id='word_1_330' title='bbox 233 3205 305 3240; x_wconf 79' lang='lat' dir='ltr'><strong>xxiv.</strong></span> <span class='ocrx_word' id='word_1_331' title='bbox 323 3185 399 3238; x_wconf 78' lang='lat' dir='ltr'><strong>utto</strong></span> <span class='ocrx_word' id='word_1_332' title='bbox 412 3185 438 3239; x_wconf 74' lang='lat' dir='ltr'><strong>et</strong></span> <span class='ocrx_word' id='word_1_333' title='bbox 451 3185 464 3239; x_wconf 88' lang='grc' dir='ltr'><strong>ὁ</strong></span> <span class='ocrx_word' id='word_1_334' title='bbox 477 3186 570 3254; x_wconf 76' lang='grc' dir='ltr'>αὐτός]</span> <span class='ocrx_word' id='word_1_335' title='bbox 595 3189 667 3240; x_wconf 87' lang='lat' dir='ltr'><strong>lianc</strong></span> <span class='ocrx_word' id='word_1_336' title='bbox 679 3186 783 3240; x_wconf 88' lang='lat' dir='ltr'><strong>loannis</strong></span> <span class='ocrx_word' id='word_1_337' title='bbox 794 3185 940 3251; x_wconf 85' lang='lat' dir='ltr'><strong>historiam,</strong></span> <span class='ocrx_word' id='word_1_338' title='bbox 958 3203 1036 3257; x_wconf 87' lang='lat' dir='ltr'><strong>qnam</strong></span> <span class='ocrx_word' id='word_1_339' title='bbox 1054 3187 1223 3259; x_wconf 79' lang='lat' dir='ltr'><strong>aPolycarpo</strong></span> <span class='ocrx_word' id='word_1_340' title='bbox 1241 3203 1283 3242; x_wconf 90' lang='lat' dir='ltr'><strong>ae·</strong></span> 
     </span>
     <span class='ocr_line' id='line_1_34' title="bbox 124 3271 1284 3344; baseline 0.003 -20"><span class='ocrx_word' id='word_1_341' title='bbox 124 3279 238 3344; x_wconf 85' lang='lat' dir='ltr'><strong>ceperat,</strong></span> <span class='ocrx_word' id='word_1_342' title='bbox 255 3273 334 3325; x_wconf 81' lang='lat' dir='ltr'><strong>refert</strong></span> <span class='ocrx_word' id='word_1_343' title='bbox 349 3273 415 3326; x_wconf 91' lang='lat' dir='ltr'><strong>Iren.</strong></span> <span class='ocrx_word' id='word_1_344' title='bbox 426 3273 472 3327; x_wconf 88' lang='lat' dir='ltr'><strong>lib.</strong></span> <span class='ocrx_word' id='word_1_345' title='bbox 482 3289 520 3326; x_wconf 89' lang='lat' dir='ltr'><strong>ru.</strong></span> <span class='ocrx_word' id='word_1_346' title='bbox 533 3282 590 3342; x_wconf 81' lang='lat' dir='ltr'><strong>cap.</strong></span> <span class='ocrx_word' id='word_1_347' title='bbox 601 3291 652 3337; x_wconf 92' lang='lat' dir='ltr'><strong>ru.,</strong></span> <span class='ocrx_word' id='word_1_348' title='bbox 670 3277 695 3324; x_wconf 90' lang='lat' dir='ltr'><strong>et</strong></span> <span class='ocrx_word' id='word_1_349' title='bbox 706 3271 799 3324; x_wconf 83' lang='lat' dir='ltr'><strong>Euseb.</strong></span> <span class='ocrx_word' id='word_1_350' title='bbox 812 3272 904 3325; x_wconf 91' lang='lat' dir='ltr'><strong>lib.1r1.</strong></span> <span class='ocrx_word' id='word_1_351' title='bbox 915 3273 982 3326; x_wconf 88' lang='lat' dir='ltr'><strong>Ilist.</strong></span> <span class='ocrx_word' id='word_1_352' title='bbox 995 3288 1049 3343; x_wconf 87' lang='lat' dir='ltr'><strong>cap.</strong></span> <span class='ocrx_word' id='word_1_353' title='bbox 1059 3291 1102 3327; x_wconf 86' lang='lat' dir='ltr'><strong>xx.</strong></span> <span class='ocrx_word' id='word_1_354' title='bbox 1132 3273 1184 3326; x_wconf 85' lang='lat' dir='ltr'><strong>Sed</strong></span> <span class='ocrx_word' id='word_1_355' title='bbox 1196 3273 1284 3328; x_wconf 75' lang='lat' dir='ltr'><strong>(ierin-</strong></span> 
     </span>
     <span class='ocr_line' id='line_1_35' title="bbox 123 3355 1283 3432; baseline 0.003 -22"><span class='ocrx_word' id='word_1_356' title='bbox 123 3356 208 3427; x_wconf 73' lang='lat' dir='ltr'><strong>thum,</strong></span> <span class='ocrx_word' id='word_1_357' title='bbox 225 3375 280 3411; x_wconf 91' lang='lat' dir='ltr'><strong>non</strong></span> <span class='ocrx_word' id='word_1_358' title='bbox 291 3357 430 3422; x_wconf 87' lang='lat' dir='ltr'><strong>Ebionem,</strong></span> <span class='ocrx_word' id='word_1_359' title='bbox 447 3357 605 3412; x_wconf 89' lang='lat' dir='ltr'><strong>haereticum</strong></span> <span class='ocrx_word' id='word_1_360' title='bbox 617 3357 691 3410; x_wconf 90' lang='lat' dir='ltr'><strong>illurn</strong></span> <span class='ocrx_word' id='word_1_361' title='bbox 702 3355 785 3410; x_wconf 70' lang='lat' dir='ltr'><strong>iuhse&#39;</strong></span> <span class='ocrx_word' id='word_1_362' title='bbox 796 3358 960 3410; x_wconf 86' lang='lat' dir='ltr'><strong>consentiunt</strong></span> <span class='ocrx_word' id='word_1_363' title='bbox 971 3375 1068 3412; x_wconf 90' lang='lat' dir='ltr'><strong>omnes.</strong></span> <span class='ocrx_word' id='word_1_364' title='bbox 1093 3357 1177 3422; x_wconf 85' lang='lat' dir='ltr'><strong>Quare</strong></span> <span class='ocrx_word' id='word_1_365' title='bbox 1189 3377 1283 3432; x_wconf 76' lang='grc' dir='ltr'>μνημο-</span> 
     </span>
     <span class='ocr_line' id='line_1_36' title="bbox 124 3441 606 3514; baseline 0.004 -20"><span class='ocrx_word' id='word_1_366' title='bbox 124 3442 187 3495; x_wconf 71' lang='lat' dir='ltr'><strong>uteba</strong></span> <span class='ocrx_word' id='word_1_367' title='bbox 200 3449 243 3497; x_wconf 88' lang='lat' dir='ltr'><strong>est</strong></span> <span class='ocrx_word' id='word_1_368' title='bbox 255 3441 356 3514; x_wconf 73' lang='grc' dir='ltr'>αφιίλμα</span> <span class='ocrx_word' id='word_1_369' title='bbox 368 3443 506 3514; x_wconf 84' lang='lat' dir='ltr'><strong>Epiphanli</strong></span> <span class='ocrx_word' id='word_1_370' title='bbox 517 3445 606 3497; x_wconf 89' lang='lat' dir='ltr'><strong>nostri.</strong></span> 
     </span>
    </p>

    <p class='ocr_par' dir='ltr' id='par_1_10' title="bbox 124 3527 1371 3841">
     <span class='ocr_line' id='line_1_37' title="bbox 188 3527 1283 3602; baseline 0.002 -20"><span class='ocrx_word' id='word_1_371' title='bbox 188 3527 219 3582; x_wconf 86' lang='lat'><strong>‘0</strong></span> <span class='ocrx_word' id='word_1_372' title='bbox 233 3527 261 3580; x_wconf 76' lang='grc' dir='ltr'><strong>δὲ</strong></span> <span class='ocrx_word' id='word_1_373' title='bbox 272 3527 417 3600; x_wconf 79' lang='grc' dir='ltr'>’ολεάριος.]</span> <span class='ocrx_word' id='word_1_374' title='bbox 439 3529 507 3599; x_wconf 83' lang='lat' dir='ltr'><strong>Ergo</strong></span> <span class='ocrx_word' id='word_1_375' title='bbox 520 3529 630 3582; x_wconf 85' lang='lat' dir='ltr'><strong>olearias</strong></span> <span class='ocrx_word' id='word_1_376' title='bbox 642 3528 786 3599; x_wconf 89' lang='lat' dir='ltr'><strong>appellatus</strong></span> <span class='ocrx_word' id='word_1_377' title='bbox 799 3534 839 3582; x_wconf 90' lang='lat' dir='ltr'><strong>est</strong></span> <span class='ocrx_word' id='word_1_378' title='bbox 850 3529 1063 3584; x_wconf 87' lang='lat' dir='ltr'><strong>vestimentomm</strong></span> <span class='ocrx_word' id='word_1_379' title='bbox 1075 3537 1177 3596; x_wconf 89' lang='lat' dir='ltr'><strong>custos,</strong></span> <span class='ocrx_word' id='word_1_380' title='bbox 1188 3530 1283 3602; x_wconf 78' lang='lat' dir='ltr'><strong>iperio-</strong></span> 
     </span>
     <span class='ocr_line' id='line_1_38' title="bbox 125 3613 1371 3688; baseline 0.006 -23"><span class='ocrx_word' id='word_1_381' title='bbox 125 3613 210 3682; x_wconf 72' lang='lat' dir='ltr'><strong>po‘lei.</strong></span> <span class='ocrx_word' id='word_1_382' title='bbox 238 3615 279 3668; x_wconf 81' lang='lat' dir='ltr'><strong>An</strong></span> <span class='ocrx_word' id='word_1_383' title='bbox 296 3615 364 3667; x_wconf 92' lang='lat' dir='ltr'><strong>idem</strong></span> <span class='ocrx_word' id='word_1_384' title='bbox 380 3621 407 3667; x_wconf 90' lang='lat' dir='ltr'><strong>et</strong></span> <span class='ocrx_word' id='word_1_385' title='bbox 423 3615 509 3668; x_wconf 90' lang='lat' dir='ltr'><strong>oleum</strong></span> <span class='ocrx_word' id='word_1_386' title='bbox 524 3613 665 3685; x_wconf 87' lang='lat' dir='ltr'><strong>praebebat</strong></span> <span class='ocrx_word' id='word_1_387' title='bbox 680 3621 706 3667; x_wconf 91' lang='lat' dir='ltr'><strong>et</strong></span> <span class='ocrx_word' id='word_1_388' title='bbox 716 3615 872 3668; x_wconf 82' lang='lat' dir='ltr'><strong>vestimenta</strong></span> <span class='ocrx_word' id='word_1_389' title='bbox 889 3615 1025 3668; x_wconf 82' lang='lat' dir='ltr'><strong>servabat?</strong></span> <span class='ocrx_word' id='word_1_390' title='bbox 1051 3617 1091 3671; x_wconf 82' lang='lat' dir='ltr'><strong>An</strong></span> <span class='ocrx_word' id='word_1_391' title='bbox 1107 3616 1232 3688; x_wconf 78' lang='grc' dir='ltr'>οπολίριον</span> <span class='ocrx_word' id='word_1_392' title='bbox 1247 3619 1284 3671; x_wconf 90' lang='lat' dir='ltr'><strong>le-</strong></span> <span class='ocrx_word' id='word_1_393' title='bbox 1309 3627 1371 3682; x_wconf 73' lang='lat' dir='ltr'><strong>pau.</strong></span> 
     </span>
     <span class='ocr_line' id='line_1_39' title="bbox 124 3698 1283 3773; baseline 0.005 -21"><span class='ocrx_word' id='word_1_394' title='bbox 124 3701 255 3769; x_wconf 76' lang='lat' dir='ltr'><strong>gendum?</strong></span> <span class='ocrx_word' id='word_1_395' title='bbox 279 3699 347 3753; x_wconf 87' lang='lat' dir='ltr'><strong>Nam</strong></span> <span class='ocrx_word' id='word_1_396' title='bbox 359 3706 385 3753; x_wconf 88' lang='lat' dir='ltr'><strong>et</strong></span> <span class='ocrx_word' id='word_1_397' title='bbox 397 3698 557 3770; x_wconf 70' lang='lat' dir='ltr'><strong>daodurdpror</strong></span> <span class='ocrx_word' id='word_1_398' title='bbox 569 3701 660 3754; x_wconf 81' lang='lat' dir='ltr'><strong>Latine</strong></span> <span class='ocrx_word' id='word_1_399' title='bbox 671 3702 829 3771; x_wconf 78' lang='lat' dir='ltr'><strong>spoliarium.</strong></span> <span class='ocrx_word' id='word_1_400' title='bbox 847 3701 876 3754; x_wconf 89' lang='lat' dir='ltr'><strong>ln</strong></span> <span class='ocrx_word' id='word_1_401' title='bbox 887 3701 974 3755; x_wconf 87' lang='lat' dir='ltr'><strong>Veteri</strong></span> <span class='ocrx_word' id='word_1_402' title='bbox 984 3701 1052 3755; x_wconf 86' lang='lat' dir='ltr'><strong>Lex:</strong></span> <span class='ocrx_word' id='word_1_403' title='bbox 1072 3702 1205 3773; x_wconf 75' lang='lat' dir='ltr'><strong>Spoliuria</strong></span> <span class='ocrx_word' id='word_1_404' title='bbox 1218 3714 1283 3758; x_wconf 76' lang='lat' dir='ltr'><strong>exte·</strong></span> 
     </span>
     <span class='ocr_line' id='line_1_40' title="bbox 124 3785 486 3841; baseline 0.011 -5"><span class='ocrx_word' id='word_1_405' title='bbox 124 3789 202 3837; x_wconf 78' lang='lat' dir='ltr'><strong>riores</strong></span> <span class='ocrx_word' id='word_1_406' title='bbox 215 3785 359 3838; x_wconf 82' lang='lat' dir='ltr'><strong>balneorum</strong></span> <span class='ocrx_word' id='word_1_407' title='bbox 372 3787 486 3841; x_wconf 82' lang='lat' dir='ltr'><strong>cellulae.</strong></span> 
     </span>
    </p>

    <p class='ocr_par' dir='ltr' id='par_1_11' title="bbox 124 3869 1282 4032">
     <span class='ocr_line' id='line_1_41' title="bbox 188 3869 1282 3944; baseline 0.006 -22"><span class='ocrx_word' id='word_1_408' title='bbox 188 3869 219 3923; x_wconf 86' lang='lat' dir='ltr'><strong>N.</strong></span> <span class='ocrx_word' id='word_1_409' title='bbox 230 3887 291 3923; x_wconf 83' lang='lat' dir='ltr'><strong>xxv.</strong></span> <span class='ocrx_word' id='word_1_410' title='bbox 303 3869 431 3942; x_wconf 78' lang='grc' dir='ltr'>Βαρνάβαν</span> <span class='ocrx_word' id='word_1_411' title='bbox 441 3869 466 3922; x_wconf 76' lang='grc' dir='ltr'><strong>δὲ</strong></span> <span class='ocrx_word' id='word_1_412' title='bbox 477 3869 676 3942; x_wconf 64' lang='lat' dir='ltr'><strong>persalutare]</strong></span> <span class='ocrx_word' id='word_1_413' title='bbox 694 3869 828 3924; x_wconf 73' lang='lat' dir='ltr'><strong>barnabas</strong></span> <span class='ocrx_word' id='word_1_414' title='bbox 841 3871 980 3942; x_wconf 90' lang='lat' dir='ltr'><strong>prophetae</strong></span> <span class='ocrx_word' id='word_1_415' title='bbox 990 3872 1030 3926; x_wconf 87' lang='lat' dir='ltr'><strong>rel</strong></span> <span class='ocrx_word' id='word_1_416' title='bbox 1042 3872 1191 3944; x_wconf 89' lang='lat' dir='ltr'><strong>prophetiae</strong></span> <span class='ocrx_word' id='word_1_417' title='bbox 1199 3873 1282 3929; x_wconf 88' lang='lat' dir='ltr'><strong>tilium</strong></span> 
     </span>
     <span class='ocr_line' id='line_1_42' title="bbox 124 3955 1281 4032; baseline 0.009 -26"><span class='ocrx_word' id='word_1_418' title='bbox 124 3971 213 4008; x_wconf 87' lang='lat' dir='ltr'><strong>sonare</strong></span> <span class='ocrx_word' id='word_1_419' title='bbox 231 3955 338 4009; x_wconf 81' lang='lat' dir='ltr'><strong>videtur.</strong></span> <span class='ocrx_word' id='word_1_420' title='bbox 365 3957 416 4010; x_wconf 88' lang='lat' dir='ltr'><strong>Sed</strong></span> <span class='ocrx_word' id='word_1_421' title='bbox 433 3973 449 4008; x_wconf 88' lang='lat' dir='ltr'><strong>a</strong></span> <span class='ocrx_word' id='word_1_422' title='bbox 466 3955 572 4025; x_wconf 76' lang='lat' dir='ltr'><strong>Syriaca</strong></span> <span class='ocrx_word' id='word_1_423' title='bbox 587 3972 650 4009; x_wconf 84' lang='lat' dir='ltr'><strong>voce</strong></span> <span class='ocrx_word' id='word_1_424' title='bbox 667 3962 726 4018; x_wconf 58' lang='lat' dir='ltr'><strong>Ni!</strong></span> <span class='ocrx_word' id='word_1_425' title='bbox 743 3956 877 4011; x_wconf 89' lang='lat' dir='ltr'><strong>deducitur</strong></span> <span class='ocrx_word' id='word_1_426' title='bbox 895 3974 961 4028; x_wconf 84' lang='lat' dir='ltr'><strong>qnae</strong></span> <span class='ocrx_word' id='word_1_427' title='bbox 978 3963 1018 4012; x_wconf 90' lang='lat' dir='ltr'><strong>est</strong></span> <span class='ocrx_word' id='word_1_428' title='bbox 1030 3961 1164 4012; x_wconf 84' lang='lat' dir='ltr'><strong>consolari.</strong></span> <span class='ocrx_word' id='word_1_429' title='bbox 1189 3958 1281 4032; x_wconf 81' lang='lat' dir='ltr'><strong>ltaque</strong></span> 
     </span>
    </p>
   </div>
   <div class='ocr_carea' id='block_1_3' title="bbox 126 4039 684 4112">
    <p class='ocr_par' dir='ltr' id='par_1_12' title="bbox 126 4039 684 4112">
     <span class='ocr_line' id='line_1_43' title="bbox 126 4039 684 4112; baseline 0.007 -20"><span class='ocrx_word' id='word_1_430' title='bbox 126 4039 203 4109; x_wconf 74' lang='lat' dir='ltr'><strong>Syrus</strong></span> <span class='ocrx_word' id='word_1_431' title='bbox 215 4039 338 4112; x_wconf 86' lang='lat' dir='ltr'><strong>Paraphr.</strong></span> <span class='ocrx_word' id='word_1_432' title='bbox 352 4045 473 4103; x_wconf 58' lang='lat' dir='ltr'><strong>tentam</strong></span> <span class='ocrx_word' id='word_1_433' title='bbox 486 4045 556 4102; x_wconf 64' lang='grc' dir='ltr'>ις’-ιι</span> <span class='ocrx_word' id='word_1_434' title='bbox 567 4040 684 4096; x_wconf 88' lang='lat' dir='ltr'><strong>reddidit.</strong></span> 
     </span>
    </p>
   </div>
   <div class='ocr_carea' id='block_1_4' title="bbox 126 4123 1280 4714">
    <p class='ocr_par' dir='ltr' id='par_1_13' title="bbox 126 4123 1280 4714">
     <span class='ocr_line' id='line_1_44' title="bbox 189 4123 1280 4200; baseline 0.008 -24"><span class='ocrx_word' id='word_1_435' title='bbox 189 4125 266 4176; x_wconf 74' lang='grc' dir='ltr'>Παντὶ</span> <span class='ocrx_word' id='word_1_436' title='bbox 282 4125 345 4196; x_wconf 73' lang='grc' dir='ltr'><strong>δέιῳ</strong></span> <span class='ocrx_word' id='word_1_437' title='bbox 362 4125 437 4192; x_wconf 69' lang='grc' dir='ltr'>δῆλον</span> <span class='ocrx_word' id='word_1_438' title='bbox 453 4123 524 4193; x_wconf 69' lang='grc' dir='ltr'>ἐστι]</span> <span class='ocrx_word' id='word_1_439' title='bbox 560 4125 660 4192; x_wconf 79' lang='lat' dir='ltr'><strong>(littim,</strong></span> <span class='ocrx_word' id='word_1_440' title='bbox 681 4127 722 4178; x_wconf 82' lang='lat' dir='ltr'><strong>vel</strong></span> <span class='ocrx_word' id='word_1_441' title='bbox 739 4127 834 4192; x_wconf 86' lang='lat' dir='ltr'><strong>Cetim,</strong></span> <span class='ocrx_word' id='word_1_442' title='bbox 851 4127 956 4181; x_wconf 91' lang='lat' dir='ltr'><strong>nomine</strong></span> <span class='ocrx_word' id='word_1_443' title='bbox 971 4127 1078 4199; x_wconf 80' lang='lat' dir='ltr'><strong>Cyprios</strong></span> <span class='ocrx_word' id='word_1_444' title='bbox 1094 4131 1280 4200; x_wconf 89' lang='lat' dir='ltr'><strong>propemodum</strong></span> 
     </span>
     <span class='ocr_line' id='line_1_45' title="bbox 126 4210 1279 4287; baseline 0.006 -24"><span class='ocrx_word' id='word_1_445' title='bbox 126 4225 212 4264; x_wconf 82' lang='lat' dir='ltr'><strong>omnes</strong></span> <span class='ocrx_word' id='word_1_446' title='bbox 222 4210 383 4281; x_wconf 82' lang='lat' dir='ltr'><strong>intelligunt.</strong></span> <span class='ocrx_word' id='word_1_447' title='bbox 401 4211 452 4265; x_wconf 85' lang='lat' dir='ltr'><strong>Sed</strong></span> <span class='ocrx_word' id='word_1_448' title='bbox 464 4217 489 4263; x_wconf 89' lang='lat' dir='ltr'><strong>et</strong></span> <span class='ocrx_word' id='word_1_449' title='bbox 498 4211 651 4264; x_wconf 79' lang='lat' dir='ltr'><strong>Macedones</strong></span> <span class='ocrx_word' id='word_1_450' title='bbox 665 4211 754 4264; x_wconf 85' lang='lat' dir='ltr'><strong>eadem</strong></span> <span class='ocrx_word' id='word_1_451' title='bbox 763 4227 825 4266; x_wconf 83' lang='lat' dir='ltr'><strong>voce</strong></span> <span class='ocrx_word' id='word_1_452' title='bbox 837 4211 1016 4283; x_wconf 87' lang='lat' dir='ltr'><strong>comprehendi</strong></span> <span class='ocrx_word' id='word_1_453' title='bbox 1025 4220 1124 4282; x_wconf 84' lang='lat' dir='ltr'><strong>putant.</strong></span> <span class='ocrx_word' id='word_1_454' title='bbox 1143 4215 1212 4268; x_wconf 84' lang='lat' dir='ltr'><strong>Sane</strong></span> <span class='ocrx_word' id='word_1_455' title='bbox 1224 4215 1279 4287; x_wconf 89' lang='lat' dir='ltr'><strong>qni-</strong></span> 
     </span>
     <span class='ocr_line' id='line_1_46' title="bbox 126 4295 1280 4367; baseline 0.008 -20"><span class='ocrx_word' id='word_1_456' title='bbox 126 4295 181 4348; x_wconf 91' lang='lat' dir='ltr'><strong>dem</strong></span> <span class='ocrx_word' id='word_1_457' title='bbox 193 4295 289 4349; x_wconf 86' lang='lat' dir='ltr'><strong>Citium</strong></span> <span class='ocrx_word' id='word_1_458' title='bbox 302 4297 424 4367; x_wconf 91' lang='lat' dir='ltr'><strong>oppidum</strong></span> <span class='ocrx_word' id='word_1_459' title='bbox 435 4295 602 4350; x_wconf 86' lang='lat' dir='ltr'><strong>Macedoniae</strong></span> <span class='ocrx_word' id='word_1_460' title='bbox 614 4295 677 4360; x_wconf 81' lang='lat' dir='ltr'><strong>suit,</strong></span> <span class='ocrx_word' id='word_1_461' title='bbox 689 4297 757 4366; x_wconf 90' lang='lat' dir='ltr'><strong>apud</strong></span> <span class='ocrx_word' id='word_1_462' title='bbox 768 4295 822 4349; x_wconf 84' lang='lat' dir='ltr'><strong>Lir.</strong></span> <span class='ocrx_word' id='word_1_463' title='bbox 834 4298 851 4352; x_wconf 92' lang='lat' dir='ltr'><strong>l.</strong></span> <span class='ocrx_word' id='word_1_464' title='bbox 861 4297 903 4349; x_wconf 77' lang='lat'><strong>42.</strong></span> <span class='ocrx_word' id='word_1_465' title='bbox 922 4297 988 4361; x_wconf 86' lang='lat' dir='ltr'><strong>Quin</strong></span> <span class='ocrx_word' id='word_1_466' title='bbox 1000 4303 1027 4351; x_wconf 87' lang='lat' dir='ltr'><strong>et</strong></span> <span class='ocrx_word' id='word_1_467' title='bbox 1037 4299 1135 4354; x_wconf 77' lang='lat' dir='ltr'><strong>Cilicia.</strong></span> <span class='ocrx_word' id='word_1_468' title='bbox 1152 4300 1226 4365; x_wconf 81' lang='lat' dir='ltr'><strong>Quod</strong></span> <span class='ocrx_word' id='word_1_469' title='bbox 1237 4319 1280 4356; x_wconf 79' lang='lat' dir='ltr'><strong>ve·</strong></span> 
     </span>
     <span class='ocr_line' id='line_1_47' title="bbox 126 4380 1278 4452; baseline 0.007 -19"><span class='ocrx_word' id='word_1_470' title='bbox 126 4381 176 4433; x_wconf 86' lang='lat' dir='ltr'><strong>rius</strong></span> <span class='ocrx_word' id='word_1_471' title='bbox 192 4382 310 4434; x_wconf 91' lang='lat' dir='ltr'><strong>nonnulli</strong></span> <span class='ocrx_word' id='word_1_472' title='bbox 327 4383 498 4452; x_wconf 88' lang='lat' dir='ltr'><strong>suspicantur.</strong></span> <span class='ocrx_word' id='word_1_473' title='bbox 523 4381 656 4434; x_wconf 88' lang='lat' dir='ltr'><strong>Postremo</strong></span> <span class='ocrx_word' id='word_1_474' title='bbox 667 4381 778 4434; x_wconf 89' lang='lat' dir='ltr'><strong>Romam</strong></span> <span class='ocrx_word' id='word_1_475' title='bbox 794 4386 871 4452; x_wconf 90' lang='lat' dir='ltr'><strong>atque</strong></span> <span class='ocrx_word' id='word_1_476' title='bbox 883 4380 984 4435; x_wconf 88' lang='lat' dir='ltr'><strong>ltaliam</strong></span> <span class='ocrx_word' id='word_1_477' title='bbox 997 4384 1086 4438; x_wconf 90' lang='lat' dir='ltr'><strong>eodem</strong></span> <span class='ocrx_word' id='word_1_478' title='bbox 1098 4386 1142 4438; x_wconf 92' lang='lat' dir='ltr'><strong>illo</strong></span> <span class='ocrx_word' id='word_1_479' title='bbox 1153 4386 1278 4443; x_wconf 88' lang='lat' dir='ltr'><strong>vocabulo</strong></span> 
     </span>
     <span class='ocr_line' id='line_1_48' title="bbox 127 4465 1278 4541; baseline 0.008 -24"><span class='ocrx_word' id='word_1_480' title='bbox 127 4468 334 4536; x_wconf 89' lang='lat' dir='ltr'><strong>complectuntur.</strong></span> <span class='ocrx_word' id='word_1_481' title='bbox 361 4465 426 4520; x_wconf 82' lang='lat' dir='ltr'><strong>mihi</strong></span> <span class='ocrx_word' id='word_1_482' title='bbox 442 4467 576 4538; x_wconf 89' lang='lat' dir='ltr'><strong>probabile</strong></span> <span class='ocrx_word' id='word_1_483' title='bbox 587 4467 688 4520; x_wconf 79' lang='lat' dir='ltr'><strong>ridetur</strong></span> <span class='ocrx_word' id='word_1_484' title='bbox 700 4466 795 4530; x_wconf 86' lang='lat' dir='ltr'><strong>Oetim,</strong></span> <span class='ocrx_word' id='word_1_485' title='bbox 812 4471 857 4519; x_wconf 89' lang='lat' dir='ltr'><strong>aut</strong></span> <span class='ocrx_word' id='word_1_486' title='bbox 869 4466 980 4522; x_wconf 72' lang='lat' dir='ltr'><strong>Citiaeos</strong></span> <span class='ocrx_word' id='word_1_487' title='bbox 995 4471 1097 4541; x_wconf 88' lang='lat' dir='ltr'><strong>proprie</strong></span> <span class='ocrx_word' id='word_1_488' title='bbox 1109 4469 1201 4525; x_wconf 84' lang='lat' dir='ltr'><strong>Gllioas</strong></span> <span class='ocrx_word' id='word_1_489' title='bbox 1212 4489 1278 4539; x_wconf 85' lang='lat' dir='ltr'><strong>esee,</strong></span> 
     </span>
     <span class='ocr_line' id='line_1_49' title="bbox 128 4540 1280 4630; baseline 0.008 -25"><span class='ocrx_word' id='word_1_490' title='bbox 128 4552 237 4606; x_wconf 78' lang='lat' dir='ltr'><strong>stabile</strong></span> <span class='ocrx_word' id='word_1_491' title='bbox 249 4558 406 4623; x_wconf 83' lang='lat' dir='ltr'><strong>propagatos</strong></span> <span class='ocrx_word' id='word_1_492' title='bbox 416 4551 532 4622; x_wconf 78' lang='lat' dir='ltr'><strong>Cyprios.</strong></span> <span class='ocrx_word' id='word_1_493' title='bbox 550 4551 619 4606; x_wconf 85' lang='lat' dir='ltr'><strong>Nam</strong></span> <span class='ocrx_word' id='word_1_494' title='bbox 627 4551 696 4606; x_wconf 81' lang='lat' dir='ltr'><strong>Getis</strong></span> <span class='ocrx_word' id='word_1_495' title='bbox 706 4557 732 4605; x_wconf 88' lang='lat' dir='ltr'><strong>et</strong></span> <span class='ocrx_word' id='word_1_496' title='bbox 741 4551 808 4606; x_wconf 79' lang='lat' dir='ltr'><strong>uiue</strong></span> <span class='ocrx_word' id='word_1_497' title='bbox 816 4551 921 4606; x_wconf 82' lang='lat' dir='ltr'><strong>Gilloiae</strong></span> <span class='ocrx_word' id='word_1_498' title='bbox 931 4555 1051 4624; x_wconf 81' lang='lat' dir='ltr'><strong>regiones</strong></span> <span class='ocrx_word' id='word_1_499' title='bbox 1063 4540 1129 4611; x_wconf 84' lang='lat' dir='ltr'><strong>duae</strong></span> <span class='ocrx_word' id='word_1_500' title='bbox 1140 4563 1201 4612; x_wconf 84' lang='lat' dir='ltr'><strong>suut</strong></span> <span class='ocrx_word' id='word_1_501' title='bbox 1211 4559 1280 4630; x_wconf 84' lang='lat' dir='ltr'><strong>apud</strong></span> 
     </span>
     <span class='ocr_line' id='line_1_50' title="bbox 127 4633 1279 4714; baseline 0.01 -26"><span class='ocrx_word' id='word_1_502' title='bbox 127 4633 190 4690; x_wconf 86' lang='lat' dir='ltr'><strong>Ptol.</strong></span> <span class='ocrx_word' id='word_1_503' title='bbox 210 4637 283 4704; x_wconf 79' lang='lat' dir='ltr'><strong>Quod</strong></span> <span class='ocrx_word' id='word_1_504' title='bbox 295 4645 383 4692; x_wconf 88' lang='lat' dir='ltr'><strong>antem</strong></span> <span class='ocrx_word' id='word_1_505' title='bbox 393 4653 440 4708; x_wconf 88' lang='lat' dir='ltr'><strong>per</strong></span> <span class='ocrx_word' id='word_1_506' title='bbox 451 4637 565 4710; x_wconf 75' lang='lat' dir='ltr'><strong>Gypmm</strong></span> <span class='ocrx_word' id='word_1_507' title='bbox 576 4645 622 4692; x_wconf 80' lang='lat' dir='ltr'><strong>aut</strong></span> <span class='ocrx_word' id='word_1_508' title='bbox 633 4637 750 4694; x_wconf 73' lang='lat' dir='ltr'><strong>Uilleium</strong></span> <span class='ocrx_word' id='word_1_509' title='bbox 762 4637 854 4693; x_wconf 83' lang='lat' dir='ltr'><strong>Graeci</strong></span> <span class='ocrx_word' id='word_1_510' title='bbox 865 4637 1027 4713; x_wconf 75' lang='lat' dir='ltr'><strong>Romamque</strong></span> <span class='ocrx_word' id='word_1_511' title='bbox 1037 4641 1065 4697; x_wconf 90' lang='lat' dir='ltr'><strong>in</strong></span> <span class='ocrx_word' id='word_1_512' title='bbox 1075 4641 1179 4714; x_wconf 75' lang='lat' dir='ltr'><strong>Syriam</strong></span> <span class='ocrx_word' id='word_1_513' title='bbox 1189 4659 1221 4699; x_wconf 82' lang='lat' dir='ltr'><strong>ao</strong></span> <span class='ocrx_word' id='word_1_514' title='bbox 1230 4643 1279 4700; x_wconf 63' lang='lat' dir='ltr'><strong>Par</strong></span> 
     </span>
    </p>
   </div>
   <div class='ocr_carea' id='block_1_5' title="bbox 0 0 1612 5152">
    <p class='ocr_par' dir='ltr' id='par_1_14' title="bbox 0 0 1612 5152">
     <span class='ocr_line' id='line_1_51' title="bbox 0 0 1612 5152; baseline 0 1"><span class='ocrx_word' id='word_1_515' title='bbox 0 0 1612 5152; x_wconf 95' lang='lat' dir='ltr'><strong> </strong></span> 
     </span>
    </p>
   </div>
  </div>
 </body>
</html>
