3274 5154
327 375 443 434 (idm

327 532 434 586 concilii
446 532 617 603 Aquileiensis
627 531 660 586 ad
673 531 837 598 Gratianum,
849 531 978 586 Valentio.
990 537 1016 585 et
1027 531 1203 587 Theodosium
1214 533 1276 603 imp.
1288 531 1447 586 Ambrosius
1457 547 1491 585 aa

326 619 421 672 caeteri
432 617 544 688 episcopi
555 617 593 671 ita
605 618 654 671 sub
665 618 745 672 linem
757 619 926 688 scripserunt:
950 618 1117 671 Plotiniaros
1134 636 1239 690 qaoque,
1256 635 1317 689 quoe
1325 628 1352 670 et
1360 622 1493 688 superiori

326 705 382 771 ispe
391 707 521 758 censuistis
533 705 612 756 ualles
617 708 711 772 sacer-e
730 705 820 757 debere
836 715 982 768 conversas,
995 713 1076 774 prout
1091 709 1143 758 iam
1161 713 1186 756 et
1201 705 1361 758 recaderus·
1379 704 1492 758 concilio

325 783 451 842 ιιιιιιιιιιίι
464 793 490 841 in
505 807 546 842 cos
562 791 617 842 luta
634 799 677 843 est.
702 789 813 841 Petimus
825 793 935 858 increper,
946 799 975 841 ut
984 793 1100 858 quoniam
1112 793 1139 841 in
1150 789 1285 842 &aieret
1295 791 1390 860 oppidu
1402 788 1492 842 salae

326 883 458 927 corruantur
469 883 564 928 tentare
576 893 617 927 eos
629 877 797 942 seposuimus,
811 876 943 927 clementia
954 885 1038 928 cestra
1051 885 1097 929 etc.

393 956 495 1030 ’Aruslqr
506 960 614 1028 διακόνῳ
626 965 670 1012 τοῦ
683 959 822 1027 βασιλέως]
843 959 949 1014 Videtur
962 959 1088 1012 Βαιιλιιου
1099 960 1150 1030 leg.
1183 960 1235 1014 Sed
1247 959 1366 1014 nonnihil
1378 975 1491 1030 suspeu-

325 1057 369 1097 sur
380 1059 427 1098 nos
439 1051 521 1110 tenet,
533 1045 602 1115 quod
614 1043 655 1098 bic
667 1044 757 1098 Basilii
769 1045 892 1098 diaconus
906 1046 1055 1116 appelletur,
1067 1046 1191 1098 nimirum
1204 1045 1347 1115 Ancyrani,
1360 1045 1407 1115 qui
1418 1051 1491 1098 acto-

325 1129 360 1184 ris
371 1136 456 1200 partes
468 1131 623 1196 accurabat,
635 1147 665 1182 ac
677 1130 785 1200 proinde
797 1137 933 1201 suspectus
946 1147 1003 1184 esse
1015 1129 1126 1183 Pbotiuo
1137 1130 1262 1184 diaconus
1276 1131 1348 1184 illius
1359 1136 1473 1201 poterat.

340 1228 343 1237 ·
392 1213 550 1286 Καλλικράτει
559 1214 721 1285 inanimaque]
739 1213 869 1288 Ἐπαρχις
878 1215 1038 1286 praesectum
1047 1216 1175 1286 praetorio
1185 1216 1325 1286 significat.
1346 1215 1490 1270 cornariua

325 1316 384 1356 vero
393 1305 538 1371 praesidem
549 1301 641 1354 reddit
664 1301 821 1355 Crediderim
832 1301 990 1372 praelectum
1002 1301 1129 1372 praeterio
1141 1301 1236 1371 lllyrici
1247 1301 1337 1356 iuisee

392 1385 436 1438 llal
449 1385 568 1457 Βισιλείῳ
581 1386 758 1458 μιμοραδίοις.]
777 1387 898 1440 Fortasse
911 1386 1067 1458 pspopuplocs
1079 1388 1154 1457 quasi
1166 1393 1330 1440 munerarios
1341 1391 1431 1452 vocet,
1441 1387 1490 1456 qui

325 1476 385 1526 snut
396 1471 562 1537 maceriales,
575 1488 684 1542 quorum
696 1473 827 1543 proprium
839 1489 935 1526 munus
948 1463 1003 1525 erit
1011 1473 1083 1542 leges
1092 1473 1251 1543 strasoripta
1259 1473 1380 1543 excipere
1390 1489 1421 1525 ac
1430 1487 1489 1543 per-

325 1557 442 1612 scribere.
465 1556 542 1612 Aliud
554 1564 593 1612 est
604 1557 780 1628 μιμοροφιλαξ
791 1564 817 1612 et
829 1558 960 1630 prpopqus
971 1559 999 1611 in
1011 1558 1120 1612 concilio
1133 1557 1252 1612 chalced.
1262 1559 1318 1612 Act.
1328 1575 1373 1624 ιι,
1385 1557 1436 1612 boe
1447 1562 1490 1610 est

326 1639 376 1695 dle
388 1643 508 1714 μιμοριοις
521 1645 651 1708 κατοικῶν,
669 1644 713 1714 qui
730 1644 764 1696 ad
781 1645 922 1698 memorias
937 1649 1082 1713 martyrum
1099 1648 1125 1696 et
1141 1644 1168 1697 in
1186 1643 1301 1697 ecclesiis
1318 1643 1419 1698 ibidem
1435 1644 1489 1697 cel·

325 1728 414 1782 locatis
426 1727 531 1783 habitat.

392 1814 515 1886 Νοιαριοις
528 1819 572 1866 τοῦ
585 1813 730 1882 bacchelus]
763 1814 833 1869 Gorr.
846 1813 973 1884 βασιλέως.
1009 1815 1161 1868 Habuerunt
1177 1819 1264 1868 tamen
1280 1815 1309 1868 iu
1325 1813 1445 1867 consiliis
1462 1819 1488 1866 et

325 1899 439 1970 episcopi
449 1901 564 1954 ιιοιιιιοι
576 1917 638 1954 suos
654 1905 732 1970 atque
743 1906 895 1972 exceptores
907 1917 938 1953 ac
949 1900 1031 1953 ferme
1043 1900 1178 1964 diaconos,
1190 1905 1220 1952 ut
1230 1915 1264 1952 ex
1273 1899 1396 1952 chalced.
1406 1898 1487 1952 Cone.

325 1990 433 2038 constat
468 1983 520 2038 Sed
536 1991 563 2038 et
578 1985 647 2056 apud
660 1987 770 2054 August.
784 1987 828 2039 lib.
838 2003 877 2040 ιιι.
891 1991 981 2038 contra
999 1983 1129 2040 Crescent.
1143 2001 1199 2055 cap.
1209 2001 1281 2038 xrrr.
1293 1985 1322 2036 in
1339 1985 1408 2038 actis
1424 1999 1487 2038 cou-

325 2071 452 2124 sularibus
464 2071 512 2124 sub
524 2069 678 2141 zenophilo,
690 2070 865 2125 Nundinarlus
878 2069 977 2124 Silvani
987 2069 1127 2124 Girtheusis
1137 2070 1288 2125 Donatistae
1300 2069 1428 2124 ιιιοοιιιιι
1439 2085 1487 2122 ea-

325 2161 411 2226 ceptor
423 2155 522 2210 dicitu.

545 2311 590 2366 AD
608 2310 781 2368 fleuaustar
797 2309 914 2376 uxxtl,
931 2309 1255 2366 MARCELLIANORUM.

391 2413 420 2469 Ν,
432 2433 460 2467 ιι.
478 2411 639 2484 Ἀιτιγραφον
648 2411 796 2483 ἐπιστολῆς]
814 2412 900 2466 Edidit
908 2411 975 2466 hanc
983 2411 1044 2466 fidei
1056 2412 1244 2483 professionem
1253 2411 1402 2476 Marcellus,
1415 2417 1486 2482 pest·

325 2514 402 2570 quam
414 2499 445 2552 ab
458 2499 561 2552 Arianis
572 2497 633 2551 sede
645 2513 694 2550 sna
703 2499 794 2568 pulsus
806 2497 916 2552 Romam
933 2498 965 2550 ed
977 2498 1071 2552 Iulium
1088 2513 1183 2568 papam
1201 2497 1330 2566 coniugii,
1348 2497 1383 2550 ab
1402 2513 1486 2567 eoque

323 2599 445 2638 unacum
457 2585 598 2638 Athanasio
610 2583 742 2638 restitutus
755 2589 802 2636 est.
826 2582 891 2636 Vide
903 2583 1017 2636 Annales
1029 2583 1123 2636 lieren.
1136 2599 1160 2635 a.
1173 2597 1279 2637 cocras.
1316 2581 1368 2646 Qui
1384 2583 1418 2635 de
1436 2581 1487 2637 hoc

324 2670 381 2740 ipae
392 2669 477 2723 libello
490 2669 602 2734 dubitat,
614 2669 670 2722 isne
683 2669 718 2721 sit
729 2683 807 2738 quem
818 2667 884 2721 lullo
896 2673 952 2721 tum
965 2669 1071 2734 obtulit,
1083 2685 1142 2722 cunr
1152 2669 1181 2722 in
1192 2685 1223 2721 eo
1235 2668 1307 2721 nulla
1318 2669 1354 2724 sir
1365 2667 1411 2721 ’τοῦ
1424 2665 1486 2739 dpe-

325 2755 406 2807 ouclou
417 2756 522 2808 mentio.
543 2755 639 2808 Verum
651 2771 704 2807 uon
716 2769 818 2824 semper
830 2753 856 2806 in
869 2752 1011 2808 catholicae
1023 2753 1083 2807 lidei
1093 2753 1313 2824 professionibus,
1325 2754 1412 2807 autin
1425 2771 1485 2808 rou·

323 2841 452 2894 vincendis
464 2839 613 2904 haereticis,
630 2840 726 2892 recenti
737 2838 820 2892 adhuc
831 2838 858 2892 iu
870 2837 983 2894 Niceeno
995 2839 1118 2904 concillo,
1135 2843 1235 2892 tessera
1249 2839 1295 2891 illa
1304 2838 1380 2904 fidei,
1396 2855 1428 2892 aa
1441 2845 1484 2891 τοῦ

325 2923 454 2995 dpoauclou
466 2927 535 2979 clara
546 2931 573 2978 et
583 2925 677 2978 diserta
688 2924 818 2978 confessio
830 2925 932 2978 solebat
943 2925 1022 2995 exigi.
1058 2923 1184 2994 Exemplo
1196 2925 1231 2977 sit
1242 2922 1340 2978 Ursacii
1352 2931 1379 2976 et
1388 2923 1485 2978 Valen-

323 3013 355 3066 tis
367 3011 476 3064 Arianae
487 3011 607 3064 lectionis
619 3011 764 3082 principum
775 3010 892 3074 libellus,
904 3025 981 3080 quern
993 3009 1057 3062 lulio
1069 3025 1152 3080 papae
1165 3009 1324 3074 obtuleruut,
1341 3025 1395 3080 quo
1408 3015 1436 3062 et
1446 3025 1485 3062 er·

323 3099 387 3151 roris
396 3098 437 3151 sui
445 3098 546 3150 reniam
556 3096 685 3166 deprecati
693 3105 761 3161 sunt,
774 3103 800 3148 et
808 3095 868 3148 Ario
879 3095 1001 3148 damnato
1013 3093 1167 3148 catholicam
1176 3093 1253 3148 fidem
1265 3093 1386 3164 professi.
1404 3093 1486 3148 Extat

323 3183 389 3254 apud
402 3182 568 3235 Athanasium
583 3183 656 3252 Apol.
670 3198 696 3234 ιι.
731 3181 760 3234 lu
778 3197 809 3234 eo
821 3195 881 3232 vero
894 3180 925 3232 de
939 3177 1064 3250 dpocuslqr
1076 3181 1185 3234 verbum
1196 3181 1304 3234 nullum.
1340 3179 1409 3232 Nasu
1420 3185 1448 3232 et
1457 3182 1484 3234 ln

323 3269 429 3322 concilio
438 3267 610 3338 Aquileiensi,
622 3268 649 3320 in
659 3283 710 3336 quo
720 3265 994 3319 adnitsnmAmbrosio
1004 3265 1134 3318 Palladius
1143 3263 1357 3320 etSecundisnus
1366 3265 1484 3336 episcopi

322 3353 436 3406 damnati
447 3358 520 3418 sunt,
532 3369 590 3406 cunr
603 3358 657 3404 tam
669 3351 784 3405 studiose
795 3351 822 3404 id
833 3357 922 3422 ageret
930 3351 1096 3416 Ambrosius,
1109 3357 1138 3404 ut
1149 3352 1182 3405 ab
1194 3351 1227 3404 iis
1239 3349 1363 3404 indicium
1377 3349 1484 3420 aliquod

322 3440 431 3492 Arianae
442 3437 610 3508 professionis
623 3437 737 3502 eliceret,
748 3435 858 3507 ideoque
870 3437 949 3489 variis
960 3436 1371 3506 interrogationibuslacesseret,
1382 3435 1484 3489 nnllam

322 3524 546 3579 consubstantialis
558 3523 716 3576 mentionem
727 3522 821 3592 attigit,
833 3521 880 3574 sed
891 3521 953 3574 haec
965 3527 1066 3574 tantum
1079 3522 1235 3586 communia,
1247 3520 1339 3592 ecquid
1349 3519 1424 3575 iilius
1436 3521 1484 3574 irn-

321 3611 445 3675 mortalis‚
457 3609 542 3662 bonna
554 3623 583 3662 ac
595 3623 671 3660 uerus
683 3612 760 3672 esset,
772 3623 802 3660 ac
814 3607 914 3677 relique
925 3607 1029 3677 generis
1041 3606 1165 3663 eiusdem.
1184 3605 1334 3671 Quinetiam
1345 3605 1484 3660 Athanasii

238 3737 244 3749 .
289 3737 295 3750 .
321 3696 468 3766 symbolum
477 3709 537 3747 cunr
546 3695 581 3748 sit
590 3693 716 3763 quaedam
724 3691 785 3746 fidei
794 3692 923 3762 expositio
936 3693 969 3745 ab
981 3709 1012 3745 eo
1024 3692 1093 3746 edita
1098 3693 1163 3762 ,qui
1173 3691 1202 3743 rb
1212 3689 1344 3762 ιμιιισιοι
1355 3693 1483 3746 acerrime

321 3787 507 3853 propugnaret,
520 3778 635 3833 eiusdem
644 3778 763 3831 vocabuli
776 3779 934 3831 mentionem
946 3777 1041 3832 omisit.

387 3865 418 3922 Ν.
431 3883 456 3920 r.
480 3863 542 3916 ‘lero
556 3863 582 3916 δι
595 3860 679 3914 ἄλλων
691 3861 783 3929 adire]
820 3861 955 3934 Utcunque
971 3863 1044 3918 licuit
1055 3879 1088 3917 ex
1101 3864 1294 3934 corruptissimo
1306 3859 1364 3916 loco
1378 3871 1482 3916 senten·

320 3953 383 4007 tiam
394 3950 551 4005 extudinrus.
575 3949 613 4003 De
625 3948 665 4002 bis
677 3954 763 4002 autem
772 3963 855 4018 ,quos
866 3951 997 4014 nominet,
999 3947 1117 4014 Aeneia,
1130 3947 1227 4002 hasillo
1233 3946 1366 4016 ,Georgia
1380 3963 1411 4000 ac
1424 3948 1481 4002 rell·

321 4039 391 4108 quis,
402 4037 512 4108 agetur'
504 4051 532 4090 sn
544 4035 663 4105 sequenti
674 4034 776 4087 haeresi
786 4034 911 4104 pluribus.

386 4121 461 4177 Ν..ιι
492 4119 632 4190 Ταῦταμιι
645 4114 739 4171 ciel
699 4118 739 4170 acl
751 4114 912 4186 τὰτοιαῦτα]
942 4121 1059 4174 Asterius
1077 4119 1193 4190 sophista
1210 4117 1384 4174 Christianam
1400 4119 1481 4174 iidem

319 4209 454 4280 amplexus
466 4207 592 4262 nonnulla
603 4205 740 4276 scripserat
752 4204 862 4258 Arianae
874 4203 997 4274 perfidiae
1009 4211 1189 4260 consentanea.
1213 4203 1285 4268 Quae
1297 4219 1357 4257 cnm
1368 4203 1479 4259 refutas·

319 4293 520 4357 columcellas,
536 4292 641 4360 longius
657 4290 777 4361 progredi
794 4291 858 4343 etun
871 4289 1045 4343 Sabelliansm
1058 4288 1184 4344 haeresim
1195 4289 1336 4344 desciscere
1345 4290 1420 4344 risus
1431 4297 1478 4347 est

319 4377 390 4442 Quae
402 4379 490 4434 omnia
501 4377 679 4449 copiosissime
690 4375 789 4429 babes'
781 4391 808 4429 ru
821 4376 913 4430 Anusl.
925 4375 1073 4430 Ecclesiast
1084 4376 1210 4446 exposita

385 4463 454 4520 N..x
477 4459 612 4534 Astapous
603 4458 691 4528 irrue]
727 4461 888 4530 Defensorem
904 4459 1070 4516 reddidimus.
1103 4459 1171 4514 Νιιιι
1179 4463 1326 4532 pecudeae
1343 4461 1478 4518 cumller·

318 4549 391 4604 nario
401 4549 565 4620 interpretari
576 4563 628 4601 non
640 4547 733 4618 placet.
751 4545 811 4601 ruit
818 4553 906 4600 autem
916 4546 1035 4602 defensor
1042 4563 1095 4600 non
1104 4545 1211 4612 ordinis,
1223 4545 1269 4600 sed
1280 4545 1361 4601 uticii
1372 4563 1475 4613 nomer,

319 4636 387 4706 quod
399 4633 469 4689 Lrlcl
480 4635 617 4704 gerebant,
634 4633 680 4701 qni
697 4632 839 4686 ecclesias·
831 4647 890 4687 rura
899 4634 926 4686 in
939 4632 1009 4686 cirili
1018 4632 1075 4686 foro
1087 4633 1295 4702 propugnabant.
1329 4631 1475 4688 Gomilicm
