3216 5152
243 891 264 930 p.
273 879 306 922 tt.

332 365 417 422 mv

334 521 441 585 domm,
459 519 550 574 dende
561 518 763 590 Hispaniarum,
778 521 873 574 nobiter
882 523 997 590 feminac
1013 523 1156 592 accepitne,
1171 519 1410 591 τιν’τοετιισῌαὸυῶ
1424 520 1493 574 nola·

329 616 425 676 prorem
439 615 463 658 et
473 608 617 674 imperitiae
627 623 689 660 reae
700 623 786 658 nonen
796 610 920 660 scientiae
930 609 1096 660 venditantes.

401 689 497 762 Ἧσυχῇ
508 690 537 742 bi
548 707 600 752 πως
612 688 712 751 ἑαυτοὺς
724 690 904 758 ἀπηλπικυῑαι]
919 691 1002 746 Plana
1012 697 1040 745 et
1049 693 1152 760 integra
1162 692 1246 756 leoco,
1256 708 1342 762 nequa
1352 692 1494 762 quicqum

332 776 491 838 addendum
503 777 606 830 tametsi
618 777 725 846 quidam
736 778 845 831 verbum
856 777 990 848 χωρίζουσι
1002 777 1140 832 desiderari
1152 783 1233 849 putet.

398 862 429 916 N.
442 881 477 916 ιν.
496 861 582 922 Οὕτως
593 859 691 932 Μάρκος
701 863 817 932 μήτραν]
833 862 871 915 De
881 861 1021 916 Oolorbeeo
1031 863 1136 919 Tertult.
1146 863 1289 918 meminitl,
1299 862 1331 918 de
1340 863 1495 933 Pracacfipt.

332 965 354 1003 c.
367 967 392 1004 1..
416 947 487 1012 Quae
500 953 643 1017 sequuntur
652 948 734 1001 Marci
745 949 860 1012 somnia,
873 949 941 1017 quod
953 965 1005 1002 non
1017 949 1103 1026 numne
1112 951 1238 1020 perplexa
1247 955 1274 1002 et
1283 949 1404 1002 inciae
1413 963 1496 1020 qaam

331 1034 426 1088 stolida
442 1034 581 1104 inaniaque
597 1034 662 1098 nint,
677 1033 705 1086 iu
723 1033 755 1086 iia
772 1033 933 1088 excutiendis
949 1039 1051 1106 tempus
1069 1050 1226 1106 operamque
1241 1051 1392 1088 ccmamere
1403 1049 1495 1104 super·

331 1133 475 1174 vacaneum
487 1119 559 1172 duxi.

398 1205 431 1260 N.
444 1222 479 1259 νι.
496 1201 559 1274 Παρ’
572 1203 633 1275 αὐτῇ
646 1202 813 1271 antecoenia]
838 1204 911 1275 Lego
923 1221 983 1260 cum
994 1203 1071 1258 Billic
1083 1221 1117 1259 ex
1129 1206 1186 1260 Vct.
1202 1205 1343 1276 Interprete
1355 1203 1495 1274 ταραιτίκα

330 1293 461 1358 σιωπῆσαι.

399 1374 498 1442 Ἐπειδὴ
515 1379 559 1428 τοῦ
577 1374 772 1445 ὑστερήσαντος]
803 1375 931 1446 Interpres
946 1376 1025 1430 Iron:
1046 1376 1089 1428 Eu
1104 1380 1198 1430 minori
1212 1385 1293 1428 auten
1310 1381 1496 1446 conputatione

331 1467 375 1533 qai
385 1472 443 1515 erat
453 1464 526 1532 apud
534 1462 636 1514 Patren
649 1463 778 1515 deecende't
788 1465 891 1514 ennianae
901 1463 963 1514 iiiuc
971 1464 1037 1514 ande
1039 1466 1132 1530 suerat
1138 1472 1275 1532 teporatur
1282 1473 1329 1516 erc.
1346 1461 1386 1514 Ex
1398 1463 1496 1532 quibua

331 1553 400 1601 recte
411 1547 567 1601 coniiciebat
577 1546 670 1599 Bittius
682 1547 733 1616 leg.
747 1544 773 1598 ἐκ
786 1545 812 1598 δὲ
823 1550 867 1598 τοῦ
880 1546 1068 1617 ὑστερήσαντοςς
1086 1563 1157 1610 cum,
1172 1547 1268 1616 inquit,
1283 1549 1349 1600 ratio
1364 1565 1418 1600 non
1428 1547 1493 1600 eatis

332 1639 474 1698 constaret,
491 1631 540 1686 hoc
556 1637 597 1684 eat
613 1647 672 1685 oum
687 1648 735 1704 par
749 1633 777 1685 in
794 1632 877 1686 tribue
890 1649 942 1686 non
953 1633 1050 1686 inesset
1061 1633 1193 1686 literarum
1204 1649 1340 1698 numerus,
1356 1639 1495 1704 propterea

332 1717 401 1788 quod
414 1719 493 1788 Λόγος
511 1715 682 1782 oo’Eaaiqete
695 1736 743 1770 vm
758 1717 841 1770 literis
857 1723 1017 1782 constarent,
1029 1713 1186 1788 Ἀνθρωπος,
1203 1715 1338 1783 Ἐκκλησία
1350 1735 1401 1782 vn,
1417 1717 1495 1770 Pater

331 1810 358 1857 et
368 1804 470 1858 veritae
483 1821 524 1867 τις
535 1809 593 1864 tuna
604 1803 720 1866 demum,
732 1803 770 1856 uti
780 1803 855 1873 paria
865 1803 991 1868 iacerent,
1003 1803 1140 1857 donarem
1152 1803 1235 1856 Patria
1246 1803 1399 1857 otveritab'a
1411 1803 1493 1856 uteris

331 1906 384 1944 uua
395 1889 429 1942 ad
439 1889 559 1944 Hominis
570 1895 597 1941 et
606 1887 737 1942 Ecclesiae
748 1893 848 1959 neptem
859 1889 916 1942 illae
928 1889 1042 1942 noceant.

398 1973 506 2028 'Eatieoe
518 1973 561 2026 rba
574 1973 634 2044 μετὰ
645 1972 687 2034 τὰς
698 1971 748 2040 iii
750 1973 844 2044 μ.ἐροις]
863 1972 991 2027 Christum
1004 1975 1137 2028 dominum
1143 1974 1207 2044 ,qui
1217 1980 1277 2044 poet
1289 1992 1315 2026 rr
1327 1973 1382 2028 dice
1394 1974 1423 2026 in
1434 1989 1493 2026 euni

330 2065 460 2126 montem,
477 2060 522 2114 ubi
533 2058 733 2129 traneiiguratue
746 2063 799 2123 eet,
815 2075 876 2112 cum
891 2059 973 2113 tribue
991 2059 1123 2130 discipulis
1136 2065 1243 2130 quartus
1259 2059 1387 2124 aceedit,
1405 2059 1494 2128 ibique

330 2147 458 2202 adiunctio
470 2145 527 2200 Elia
538 2161 568 2198 ac
579 2145 671 2214 Moyse
682 2149 773 2200 sextae
785 2144 933 2210 antiociae,
945 2145 1037 2198 Matth
1049 2163 1114 2200 xvir.

397 2231 548 2286 N.v11.Toe
561 2229 710 2300 κρατηθέντα
722 2249 754 2282 τα
750 2227 914 2299 ὶκαταβᾶντα
925 2227 950 2282 ἐν
962 2235 991 2302 aq
1001 2228 1138 2300 ἑβδομάδα]
1158 2229 1264 2284 Videtur
1276 2229 1308 2283 ad
1318 2247 1364 2284 m.
1376 2230 1447 2284 diem
1456 2229 1494 2284 ai-

329 2318 419 2371 ludere
426 2334 496 2387 ,quo
510 2315 646 2370 Ohdeme
637 2331 665 2368 ru
677 2314 832 2386 sepulchro·
824 2315 904 2368 iacuit
915 2321 942 2368 et
952 2315 1020 2386 apud
1030 2315 1127 2370 inferos
1139 2316 1242 2371 monuit

398 2399 482 2454 Ἐν
453 2419 482 2472 τῃ
495 2401 596 2470 ἕκτῃ
564 2418 613 2452 των
625 2399 735 2470 ἡμερῶν,
745 2399 763 2468 γή
775 2417 810 2461 τις
822 2397 871 2452 ἐστὶ
881 2400 1041 2471 παρασκευή]
1055 2401 1162 2454 Coenam
1170 2420 1265 2471 perona
1277 2401 1354 2454 vertit
1363 2401 1493 2471 Interpree

329 2488 396 2542 Iron
413 2487 441 2540 ld
454 2487 523 2557 quod
535 2485 629 2540 eruditi
640 2485 688 2538 viri
698 2485 986 2557 pridemobeeruarunt.

399 2569 438 2634 Εἰς
451 2575 552 2641 σημέῑον
563 2569 694 2640 αἰνέσεως]
720 2570 847 2640 Legeram
859 2568 960 2632 ἀνέσεως
972 2588 1018 2643 pro
1032 2569 1155 2642 eiciatur,
1168 2573 1213 2626 eei
1226 2573 1385 2626 tondanonir
1393 2589 1442 2643 pro
1453 2591 1492 2626 re·

330 2659 470 2712 marionis
479 2657 549 2710 malo
562 2673 622 2711 oum
633 2656 690 2708 Vet.
701 2656 851 2726 Interprete.

397 2743 429 2798 N.
441 2756 499 2798 riri.
518 2742 549 2794 ‘H
562 2740 589 2794 ei
600 2740 661 2811 Σιγὴ
674 2741 763 2809 πέντε]
780 2742 887 2797 Falsum
898 2749 949 2809 eet,
960 2744 1011 2797 nini
1023 2741 1095 2813 Σειγὴ
1106 2743 1187 2813 lagae.

396 2827 481 2884 Ὀκτὼ
493 2827 533 2880 καὶ
546 2827 605 2880 δέκα
616 2824 789 2898 γραμμάτων]
815 2828 960 2899 Scripserat
970 2819 1037 2884 Iron.¹
1050 2830 1081 2894 ιή.
1093 2845 1139 2899 pro
1152 2827 1253 2895 Ἰησοῦς.
1279 2829 1390 2882 Librarii
1401 2845 1493 2882 nume·

328 2931 387 2970 rum
398 2930 456 2968 enee
467 2914 517 2968 rati
528 2914 615 2967 locum
626 2913 805 2984 depravarunt.
825 2912 915 2968 Scribe
926 2915 1006 2984 igitur
1017 2911 1124 2983 Ἰησοῦς,
1137 2914 1206 2984 quod
1217 2929 1312 2968 nomeu
1323 2929 1403 2968 nouae
1413 2913 1495 2969 habet

327 3001 424 3054 literae.
441 2999 484 3054 Sic
497 3005 523 3052 et
534 3015 566 3052 ee
577 3015 644 3069 quae
653 3005 796 3069 sequuntur
804 3015 838 3052 ex
847 2999 945 3053 irenaei
955 3000 1095 3070 Interprete
1106 3015 1154 3070 pro
1166 3016 1197 3053 eo
1208 3006 1286 3070 atque
1298 2999 1331 3053 ad
1342 3001 1493 3072 marginem

328 3086 512 3157 adecupeinuue
525 3085 686 3138 emendenda
696 3091 765 3141 eunt.

396 3171 432 3224 Tb
445 3169 471 3224 bi
483 3169 585 3241 Χριστὸς
597 3165 684 3238 ὀκτώ]
709 3170 820 3226 Ρτοίαάο
831 3170 944 3240 xenones
956 3170 1007 3240 leg.
1034 3169 1101 3226 Nam
1113 3177 1139 3226 et
1151 3169 1287 3225 Chreatum
1299 3171 1409 3242 qnidam
1420 3170 1491 3226 chri·

328 3263 398 3314 etum
411 3257 581 3328 appellarunt

397 3341 427 3396 N.
441 3359 476 3394 rx.
494 3360 509 3407 η
522 3340 644 3394 cainani
657 3361 690 3410 ω,
707 3338 721 3394 ὅ
734 3339 941 3411 incitamenti]
967 3341 1029 3411 Lag.
1048 3339 1062 3393 ὅ
1078 3339 1142 3393 ἐστιν
1158 3339 1260 3408 Ἰησοῦς.
1282 3341 1351 3396 Nam
1366 3359 1490 3397 numam

328 3428 384 3498 ipae
396 3441 589 3482 occonxuvnr
600 3427 681 3480 literis
692 3427 743 3480 illie
755 3427 837 3482 tribue
849 3443 989 3498 expressus
1001 3431 1042 3479 eet
1053 3434 1069 3492 ᾗ
1081 3432 1140 3480 τω.
1167 3427 1217 3492 Qui
1233 3435 1259 3482 et
1272 3428 1300 3482 in
1315 3429 1434 3482 neminie
1444 3427 1489 3494 Ἰη-

328 3531 387 3573 σονς
398 3513 479 3566 litorio
492 3513 646 3566 continetur.

396 3597 492 3650 broi
452 3597 492 3650 uei
504 3595 547 3648 abe
559 3595 736 3667 Ἀλμάβητον]
761 3596 801 3650 ln
816 3614 850 3650 ex
861 3598 919 3652 vot.
932 3599 1101 3654 restituimur.
1124 3598 1260 3652 enatorum
1271 3599 1342 3668 quod
1352 3598 1489 3669 Alpbabei

326 3683 408 3738 literis
424 3683 462 3738 ita
473 3682 616 3748 distribuit,
628 3683 666 3736 uti
675 3701 723 3736 vm
735 3683 789 3736 sint
798 3683 936 3745 Monadea
947 3683 1063 3738 Decadee
1075 3701 1123 3737 νιιι
1138 3689 1165 3736 et
1174 3683 1364 3738 Hecatontadea
1376 3702 1439 3750 vni,
1454 3686 1489 3738 aie

326 3770 428 3840 accipe:

542 3852 668 3908 Moundou
819 3853 935 3908 Decedee
1056 3874 1059 3894 ι
1085 3853 1274 3908 Hecatontadec
1310 3913 1321 3933 s

583 3939 603 3990 Α
874 3938 884 3989 Ι
1169 3939 1187 3990 Ρ
